2996 5088
106 319 235 373 nunu
253 317 381 388 (uxr).
591 357 636 367 ..
681 318 723 384 39
770 358 814 366 -

106 497 206 584 Apud
228 496 480 581 Aristophanem
503 496 682 580 Lysistrata
706 496 744 560 de
767 497 878 561 eadem
900 517 935 560 re
957 496 1036 562 dicit
1058 520 1086 561 v.
1109 496 1239 580 108sq.:

322 603 355 682 ἐξ
379 598 420 669 οὗ
443 605 506 687 νδιρ
530 604 613 687 ἡμᾶς
636 604 830 688 προῦδοσαν
851 606 1025 687 Μιλήσιοι,

323 709 385 774 οὐκ
408 705 501 774 εἶδον
524 707 597 774 οὐδ’
625 711 763 792 ὄλισβον
786 708 1047 792 ὀκτωδάκτυλον,

322 814 358 892 ὃς
380 811 423 897 ἦν
446 813 489 879 δν
511 816 591 899 ἡμῖν
614 817 752 899 σκυτίνη
771 812 949 899 ’κικουρίοι

197 938 459 1004 Muliercularum
481 939 663 1022 libidinem,
689 939 869 1021 lasciviam,
895 938 1058 1002 luxuriam
1085 938 1208 1003 mediae
1232 960 1284 1003 co-

106 1045 252 1109 moediae
275 1045 379 1128 poetis
403 1045 438 1108 in
460 1045 564 1128 iisque
582 1046 720 1108 maxime
739 1043 868 1109 Eubulo
893 1044 1014 1109 salibus
1037 1037 1196 1109 defricare
1215 1048 1284 1108 erat

106 1152 143 1215 in
162 1151 297 1215 deliciis.
333 1148 423 1214 Idem
442 1150 615 1214 mulierum
638 1154 671 1215 et
693 1150 945 1215 adulescentium
969 1153 1145 1216 conventus
1169 1150 1284 1216 descri-

105 1256 217 1340 bebat,
250 1278 331 1339 quos
363 1278 430 1321 non
460 1261 528 1321 tam
560 1278 723 1321 sacrorum
750 1256 985 1340 faciendorum,
1015 1279 1112 1341 quam
1139 1256 1283 1321 libidinis

108 1363 284 1447 explendae
308 1384 403 1427 causa
425 1362 596 1427 habebant.
604 1361 628 1448 ¹)

195 1467 414 1533 Domesticam
438 1466 610 1532 mulierum
633 1469 734 1532 vitam
756 1467 902 1532 Herodas
930 1468 1028 1533 etiam
1056 1469 1091 1533 in
1113 1466 1285 1553 Apenesti·

103 1575 249 1639 nomenis
272 1579 305 1638 et
329 1572 615 1659 Synergazomenis
638 1575 844 1657 descripsisse
867 1574 1003 1658 videtur,
1026 1575 1083 1657 qui
1105 1575 1285 1639 mimiambi

104 1680 135 1744 si
158 1684 265 1745 essent
287 1681 414 1765 integri,
437 1681 670 1764 amplissimam
692 1680 780 1743 haud
803 1681 899 1745 dubie
923 1681 1165 1764 suppeditarent
1190 1703 1284 1764 quae-

106 1786 209 1850 stioni
232 1789 361 1870 nostrae
384 1788 560 1851 materiam.
607 1784 752 1861 Quorum
775 1787 857 1850 alter
879 1787 994 1869 incipit
1017 1808 1036 1849 a
1058 1787 1163 1851 verbis

409 1891 523 1970 ἕζεσθε
546 1902 656 1958 πᾶσαι.
693 1903 755 1957 κοῦ
778 1894 815 1957 τὸ
838 1895 989 1978 καιδίον;

105 2019 213 2082 pupus
245 1998 347 2083 igitur
378 1998 468 2063 adest
499 2004 536 2064 ut
572 2001 670 2063 etiam
701 2000 788 2083 apud
819 1999 1027 2064 Theocritum
1061 1997 1284 2085 (XV,11sq.).

103 2102 258 2167 Mulieres
291 2103 525 2168 inducebantur
556 2109 718 2188 potantes3
755 2109 848 2169 acute
879 2105 1097 2189 fragmentum
1130 2109 1283 2190 νλήχωνω

103 2209 262 2294 adgnovit
279 2208 495 2275 Buechelerus
515 2215 547 2275 et
571 2210 755 2276 ‘ientaculo’
780 2211 960 2295 adscripsit,
983 2210 1024 2275 ad
1047 2233 1136 2276 sacra
1160 2209 1283 2277 Cereris

103 2315 202 2379 istam
221 2315 388 2398 potionem
406 2317 566 2400 pertinere
584 2320 670 2381 recte
683 2316 840 2382 iudicavit
854 2315 1026 2404 Crusius.²)
1064 2316 1157 2382 Tales
1176 2322 1284 2382 autem

106 2420 281 2484 mulierum
313 2427 490 2487 conventus
522 2424 587 2486 iam
619 2445 638 2487 a
671 2420 841 2507 Sophrone
873 2421 1057 2509 desoripti³)
1094 2415 1233 2488 maxime
1265 2447 1284 2488 a

105 2527 231 2591 mediae
255 2528 438 2593 comoediae
461 2530 566 2613 poetis
589 2527 910 2616 repraesentantur4),
943 2530 1089 2594 sederat
1116 2529 1284 2595 Menandri

104 2654 235 2715 quoque
253 2633 363 2697 fabule
373 2638 629 2720 Σονωριστῶσωι
649 2635 688 2699 cf.
697 2635 735 2699 fr.
745 2635 821 2720 451,
834 2634 893 2719 III,
908 2658 938 2719 p.
946 2633 1088 2722 129115)
1121 2635 1170 2700 De
1185 2658 1284 2700 mere-

105 2739 241 2803 tricibus
269 2740 367 2804 etiam
395 2741 430 2804 in
456 2738 758 2825 Aponestizomenis
788 2741 842 2826 agi
868 2746 906 2806 ut
933 2742 969 2806 in
996 2739 1283 2827 Synergazomenis

105 2844 280 2909 verisimile
317 2849 373 2909 est.
428 2845 535 2910 Huius
573 2847 703 2930 quidem
740 2847 890 2912 carminis
927 2869 1037 2912 versus
1075 2850 1180 2911 exstat
1216 2849 1283 2912 hic:

104 2953 261 3034 προσφὺς
288 2951 372 3028 ὅκως
399 2976 449 3028 τις
476 2954 643 3038 χοιράδων
675 2953 847 3038 ἀναρίτης,
875 2953 932 3018 ubi
958 2952 1174 3018 Buechelerus
1201 2953 1283 3018 bene

102 3055 276 3142 κροσφῦσ’
304 3058 433 3140 scripsit
452 3059 534 3123 conl.
547 3056 714 3142 Aristoph.
728 3058 814 3124 Plut.
831 3053 930 3123 1095}
952 3060 989 3124 τὸ
1013 3056 1156 3145 γρᾴδιον
1174 3060 1282 3145 ὥσπερ

105 3165 206 3239 λεπὰς
223 3171 268 3250 τῷ
284 3167 441 3251 μειρακίῳ
460 3162 704 3251 κροσίσχετκιθ)
727 3165 773 3229 ita
792 3169 829 3229 ut
850 3166 945 3230 facile
963 3165 1142 3251 intellegas,
1166 3166 1282 3250 quibus

198 3357 224 3423 1)
243 3354 277 3408 cf.
292 3347 325 3407 fr.
342 3360 385 3423 16,
404 3355 430 3408 Π
443 3374 471 3425 p.
488 3357 577 3410 196Κ.
602 3388 636 3396 -
660 3356 839 3425 Quantopere
866 3356 938 3411 talia
961 3356 1087 3410 Eubulus
1115 3360 1282 3427 argumenta

104 3441 288 3509 adamaverit,
307 3443 362 3512 ipsi
380 3443 541 3497 fabularum
559 3443 638 3497 tituli
657 3444 759 3499 docent
778 3461 795 3498 a
812 3445 992 3498 meretricum
1009 3445 1170 3499 nominibus
1188 3447 1281 3514 petiti,

105 3530 184 3584 velut
203 3531 365 3600 Clepsydra,
384 3532 497 3586 Neottis'
516 3532 562 3601 (cf.
576 3532 679 3586 Herod.
694 3532 770 3586 mim.
785 3531 832 3601 VI,
848 3538 891 3600 20,
906 3536 959 3602 22),
978 3531 1114 3603 Plangon,
1133 3533 1280 3603 Chrysilla.

196 3622 222 3689 2)
246 3620 350 3675 Uetere.
366 3638 393 3689 p.
410 3625 469 3673 161.

196 3711 222 3776 6)
242 3708 276 3760 cf.
291 3708 324 3761 fr.
341 3713 458 3776 15-183
478 3709 565 3763 etiam
587 3709 640 3763 Ταὶ
655 3717 859 3777 σνναριστῶσοιι
877 3710 1003 3764 fabulam
1023 3710 1175 3780 Sophronis
1193 3711 1281 3765 fuisse

103 3796 227 3851 coniecit
244 3795 486 3851 Wilamowitzius.

195 3888 222 3955 4)
242 3884 277 3938 cf.
292 3884 445 3953 Antiphon.
460 3885 545 3954 Myst.
559 3885 593 3938 fr.
609 3892 669 3954 163,
685 3892 744 3939 166.
777 3886 878 3940 Eubul.
893 3887 926 3939 fr.
942 3892 1061 3955 43,124‚
1077 3893 1128 3942 125
1143 3889 1195 3941 etc.

195 3976 223 4042 5)
242 3974 277 4026 of.
292 3973 325 4026 fr.
336 3979 388 4029 455
402 3974 474 4027 Plin.
489 3973 554 4028 Nat.
569 3975 635 4028 hist.
651 3980 694 4041 23,
714 3980 765 4028 169
785 3975 879 4043 Mayh.
903 3976 1021 4044 (myrtus
1045 3975 1152 4029 sativae
1175 3979 1280 4046 semen)

104 4061 220 4116 odorem
235 4061 290 4114 oris
301 4063 480 4116 commendat
488 4063 534 4117 vel
546 4062 639 4131 pridie
653 4063 924 4117 commanducatum.
953 4063 995 4117 ita
1009 4063 1086 4132 apud
1095 4063 1281 4117 Menandrum

106 4150 301 4218 synaristosae
318 4150 373 4203 hoc
391 4150 486 4204 edunt.

195 4242 222 4308 6)
241 4238 276 4292 cf.
291 4238 433 4307 Aristoph.
448 4256 523 4307 vesp.
540 4245 604 4307 105,
627 4240 678 4294 ubi
701 4256 735 4294 ea
757 4240 852 4309 imago
876 4240 912 4295 de
930 4240 1110 4295 Philocleone
1128 4243 1281 4309 usurpatur

104 4326 212 4380 iudicia
230 4326 449 4395 frequentantis:
469 4326 560 4396 ὥσπερ
580 4327 666 4392 λεπὰς
682 4327 888 4398 προσεχόμενος
901 4333 939 4401 τῷ
952 4325 1040 4395 κίονις
1060 4329 1094 4382 cf.
1109 4328 1142 4382 fr.
1159 4329 1203 4383 ad.
1219 4334 1280 4397 728,

104 4414 145 4467 ln
157 4432 184 4483 p.
200 4420 265 4483 5373
284 4415 317 4468 fr.
333 4420 402 4469 1306
421 4433 448 4484 p.
464 4420 524 4470 626.
