2996 5088
241 311 362 378 romu,
382 315 424 364 rs.
720 350 762 360 ..
809 314 851 377 28
898 351 941 358 -

244 493 351 555 minus
374 491 474 555 libere
498 491 678 573 profitetur.
725 491 763 553 af.
776 491 852 553 161:
884 489 972 554 Leno
997 512 1057 575 ego
1081 512 1161 554 sum.
1209 491 1286 554 188:
1313 489 1421 553 Leno

242 620 336 680 sum,
367 597 524 680 pernicies
562 597 753 679 eommunis,
789 597 928 681 fateor,
964 597 1225 661 adulescentium.
1279 595 1422 679 Perapte

240 703 336 767 huius
359 724 471 767 versus
495 703 694 767 commonuit
717 702 848 766 Orusius
874 703 991 769 Uetera
1010 726 1040 786 p.
1055 702 1107 765 46.

330 826 413 890 Tum
437 826 523 910 apud
551 826 691 891 oomioos
716 848 844 909 quoque
867 826 979 890 infimo
1003 826 1075 890 looo
1098 827 1167 890 nati
1190 826 1230 889 ad
1252 831 1360 910 patres
1386 832 1424 891 et

241 954 319 997 avos
341 932 475 996 ridicule
493 936 684 1016 provocant3
707 933 771 996 iam
789 930 1023 1014 Aristophanes
1046 933 1109 996 hoo
1131 932 1304 996 artificium
1327 933 1423 997 adhi-

242 1039 338 1103 bebat
375 1035 475 1123 (vesp.
497 1039 596 1120 1396,
629 1039 668 1102 of.
688 1060 785 1121 supra
802 1061 833 1121 p.
850 1035 897 1123 7),
934 1039 1139 1103 tritissimum
1176 1043 1284 1102 autem
1317 1039 1424 1103 fuisse

240 1146 367 1208 videtur
386 1145 420 1207 in
438 1166 522 1208 nova
541 1144 714 1207 comoedia.
756 1143 840 1207 Vide
858 1143 961 1207 Plaut.
980 1144 1046 1206 mil.
1066 1143 1108 1228 gl.
1128 1144 1203 1226 372,
1225 1144 1282 1208 ubi
1305 1165 1422 1208 servus

242 1251 288 1314 sie
310 1250 467 1333 loquitur:
615 1244 618 1249 ’

638 1357 705 1421 seio
729 1376 856 1419 oruoem
878 1356 1021 1420 futuram
1045 1355 1125 1419 mihi
1148 1357 1344 1439 sepulerum:

308 1461 359 1526 Ibi
382 1463 445 1526 mei
470 1466 545 1526 sunt
568 1463 704 1526 maiores
728 1462 792 1544 siti,
814 1466 914 1546 pater,
937 1484 1024 1545 avos,
1047 1483 1195 1544 proavos,
1218 1462 1344 1526 abavus.

243 1603 289 1668 of.
304 1605 417 1669 Pseud.
433 1603 507 1687 560,
528 1602 627 1668 Stich.
643 1605 716 1668 303.

332 1726 394 1791 Sed
421 1729 568 1811 proxime
596 1728 752 1791 aooedunt
779 1727 819 1790 ad
847 1726 995 1791 Herodae
1022 1727 1130 1792 locum
1158 1728 1292 1812 parasiti
1319 1728 1418 1791 verba

241 1833 346 1898 Plaut.
360 1833 446 1898 Pers.
461 1833 517 1897 55:

375 1973 460 2039 Nam
483 1997 660 2057 numquam
684 1976 853 2058 quisquam
876 1996 1021 2040 meorum
1045 1976 1203 2039 maiorum
1226 1975 1297 2058 fuit,

376 2080 462 2157 Quin
484 2081 689 2164 parasitando
713 2083 860 2164 paverint
882 2082 1003 2146 ventiis
1026 2102 1110 2146 suos.
1133 2093 1135 2097 ’

375 2186 480 2270 Pater,
503 2209 589 2269 avos,
612 2209 759 2270 proavos,
782 2187 910 2270 abavos,
932 2192 1054 2269 atavos,
1076 2189 1211 2251 tritavos

376 2292 475 2369 Quasi
498 2313 603 2356 mures
628 2313 753 2375 semper
776 2292 867 2355 edere
890 2293 1031 2356 alienum
1055 2292 1170 2356 cibum.

242 2435 295 2498 Ad
327 2456 445 2498 noman
475 2434 527 2497 avi
550 2439 582 2498 et
608 2435 710 2518 patris
733 2433 858 2497 Battari
881 2433 1107 2498 illustrandum
1131 2434 1263 2497 adnotat
1286 2432 1418 2498 drusius

243 2542 454 2624 Σισύμβριον
482 2540 657 2605 meretricis
685 2562 804 2604 nomen
832 2542 871 2602 ex
898 2539 1079 2624 Theophila
1093 2541 1131 2603 fr.
1148 2541 1200 2623 11,
1213 2539 1244 2603 H
1258 2563 1288 2624 p.
1303 2540 1417 2604 476Κ.

332 2706 361 2747 v.
378 2684 433 2746 79:
457 2682 533 2768 ε’ρᾷς
556 2683 617 2763 μὲν
641 2688 720 2758 ἴσως
741 2683 937 2766 Μυρτάλης·
961 2682 1062 2747 οὐδὲν
1086 2684 1208 2765 δεινόν,

456 2786 520 2870 ἐγὼ
544 2789 581 2853 δὲ
604 2799 734 2872 πυρῶν·
757 2798 860 2852 τοῦτο
884 2790 964 2864 δοὺς
987 2786 1083 2852 ἐκεῖν’
1111 2778 1202 2865 ἔξεις.

457 2894 476 2978 ἢ
500 2895 540 2977 νὴ
564 2892 635 2976 Δί’,
659 2899 693 2957 εἴ
712 2913 770 2957 σευ
794 2894 959 2958 θύλπετοιί
978 2918 1011 2958 τι
1033 2906 1100 2958 τῶν
1123 2896 1232 2976 ἔνδον,

457 2996 604 3082 ἒμβυσον
628 3001 675 3076 εἰς
697 3001 759 3083 τὴν
781 3009 874 3083 χεῖρα
897 3000 1055 3087 Βαττύρρι
1078 3003 1186 3083 τιμήν,

456 3107 576 3183 καύτὸς
598 3107 639 3171 τὰ
662 3115 786 3171 σαυτοῦ
810 3111 877 3188 silai
902 3106 1013 3189 λαβὼν
1036 3106 1119 3182 ὅπως
1142 3102 1276 3190 χρῄζεις.

334 3247 414 3312 Cum
433 3248 545 3312 eodem
564 3249 664 3333 igitur
677 3247 819 3330 Thalete,
842 3270 861 3310 a
880 3270 944 3330 quo
963 3252 1086 3312 tantam
1106 3248 1167 3312 sibi
1191 3248 1416 3312 contumeliam

245 3355 431 3437 impositam
451 3375 519 3418 essa
534 3353 711 3417 breviante
731 3358 925 3437 conquestus
949 3358 1025 3438 erat,
1048 3355 1112 3417 iam
1135 3356 1318 3438 pastionem
1337 3355 1417 3418 inire

243 3462 322 3544 vult,
346 3461 422 3524 dum
445 3460 541 3524 modo
565 3461 705 3543 pretium
729 3461 790 3525 sibi
811 3460 1022 3544 persolvahm.

333 3582 414 3647 Cum
446 3583 552 3647 verbis
580 3582 728 3648 Herodae
760 3606 857 3667 supra
879 3607 910 3668 p.
926 3584 983 3667 23,
1001 3584 1045 3648 24
1076 3583 1275 3649 Philemonis
1307 3607 1415 3649 versus

244 3691 440 3754 contulimus
462 3689 536 3753 hos:
560 3686 611 3774 (fr.
626 3689 657 3773 4,
673 3689 724 3772 11,
737 3687 769 3752 Π
783 3712 814 3773 p.
828 3687 967 3775 479K):

333 3832 403 3894 οὐκ
426 3826 468 3895 εὖ
492 3840 660 3895 σεαυτοῦ
683 3832 892 3914 τυγχάνεις
915 3828 1025 3915 ἔχων·

333 3928 389 4013 εἷς
413 3937 565 4021 ὀβολός·
589 3939 844 4021 εἰσπήδησον·
868 3938 930 4001 οὐκ
953 3935 1017 4001 ἐστ’
1046 3937 1125 4001 οὐδὲ
1148 3930 1196 4012 εἷς
1277 3932 1278 3935 “

333 4043 489 4124 ἀκκισμὸς
512 4044 591 4108 οὐδὲ
615 4049 724 4128 λῆρος,
748 4044 828 4109 οὐδὲ
850 4043 1055 4128 ὑφήρπασεν.

334 4148 414 4214 ἀλλ’
441 4150 578 4232 εὐθύς,
603 4152 651 4227 ὡς
673 4152 811 4233 βούλει
835 4153 881 4215 σὺ
905 4150 982 4233 χῶν
1004 4151 1142 4232 βούλει
1165 4152 1318 4233 τρόπον.

245 4291 370 4356 Similia
407 4293 502 4357 etiam
534 4293 569 4355 in
601 4293 741 4375 palliatis
773 4293 984 4375 reperiuntur.
1017 4293 1056 4357 of.
1079 4291 1182 4356 Plaut.
1208 4289 1415 4377 (Demophil.)

244 4398 333 4462 Asin.
350 4398 427 4462 193:
