2996 5088
727 323 948 386 ..30-

743 604 841 669 Mim.
860 603 917 668 Ill.

334 728 373 793 ln
408 730 504 793 tertio
542 730 682 793 carmine
719 730 885 793 mulierem
921 729 1046 794 inducit
1081 727 1228 793 Herodes
1265 728 1434 813 magistro

245 836 423 917 nequitiam
446 837 537 918 pueri
561 841 818 918 conquerentem.

333 940 401 1005 Iam
429 941 553 1025 pridem
582 939 695 1007 Graeci
724 942 763 1005 de
789 941 964 1006 liberorum
994 943 1183 1006 educatione
1212 940 1433 1024 disputabant

244 1052 277 1112 et
313 1047 429 1111 comici
464 1048 528 1111 hoc
563 1049 669 1131 ipsum
707 1053 932 1132 argumentum
969 1048 1252 1131 amplectebantur.
1311 1045 1431 1130 Atque

244 1154 480 1217 vetustissimos
508 1153 638 1235 quidem
665 1157 887 1236 praeceptores
918 1154 1005 1217 fama
1037 1153 1219 1218 celebrabat
1247 1152 1429 1217 Chironem

245 1264 277 1323 et
299 1259 427 1342 Linum,
450 1281 588 1342 quorum
612 1260 693 1324 alter
710 1258 881 1344 Achillem,
904 1260 986 1323 alter
1004 1258 1176 1323 Herculem
1199 1264 1300 1324 artem
1324 1260 1430 1323 musi-

246 1388 316 1430 cam
345 1366 492 1429 docuisse
521 1366 645 1429 dicitur.
696 1364 910 1448 Aptissimum
934 1370 1042 1430 autem
1065 1366 1248 1431 comoediae
1271 1365 1428 1449 praebuit

244 1475 470 1556 argumentum
484 1470 649 1554 Hercules,
667 1472 789 1556 ingenii
807 1471 958 1536 tarditate
977 1476 1010 1536 et
1027 1472 1133 1536 taedio
1154 1472 1296 1535 discendi
1314 1476 1426 1552 nctus,

244 1579 299 1660 qui
318 1601 337 1641 a
354 1576 437 1640 Lino
456 1578 646 1661 instituitur,
669 1600 688 1640 a
711 1600 775 1661 quo
798 1579 954 1662 magistro
974 1578 1123 1642 fabuloso
1142 1576 1287 1642 Alexidis
1310 1577 1425 1640 fabula

243 1705 362 1747 nomen
397 1685 508 1767 traxit,
546 1686 636 1748 cuius
670 1685 757 1767 quod
789 1685 887 1749 fuerit
923 1690 1162 1769 argumentum,
1200 1685 1294 1749 etiam
1334 1703 1423 1746 nunc

243 1791 395 1875 cognosci
417 1795 533 1874 potest.

335 1895 433 1979 Apud
451 1895 631 1960 Diodorum
651 1898 737 1961 enim
760 1897 898 1982 legimus
922 1895 967 1983 (3,
986 1895 1057 1983 67):
1081 1900 1232 1962 Λίνον..
1248 1896 1420 1979 ,μαθητάς

243 2012 336 2086 σχεῖν
366 2004 525 2085 πολλούς,
555 2001 836 2086 ἐπιφανεστάτους
866 2004 903 2068 δὲ
934 2014 1036 2087 τρεῖς,
1061 2002 1224 2087 Ἡρακλέα
1259 2004 1421 2086 Θαμύραν

242 2107 297 2172 καὶ
313 2107 443 2193 Ὀρφέα.
476 2111 605 2174 τούτων
620 2110 657 2174 dl
671 2111 730 2174 τὸν
743 2110 804 2190 μέν
814 2108 978 2194 Ἡρακλέα
996 2112 1181 2194 κιθαρίζειν
1204 2109 1420 2190 μανθάνοντα

243 2216 299 2278 did
321 2216 383 2298 τῆν
404 2224 461 2297 τῆς
484 2225 591 2300 ψυχῆς
618 2217 808 2300 βραθύτῆτα
831 2217 874 2298 μὴ
899 2217 1066 2280 δύνασθαι
1095 2214 1250 2293 δέξασθαι
1276 2217 1338 2299 τῆν
1360 2215 1419 2295 μά-

242 2327 356 2404 θησιν,
379 2318 485 2386 ἔπειθ’
512 2322 577 2385 ὑπὸ
595 2330 655 2385 τοῦ
674 2324 782 2385 Λίνου
806 2326 946 2404 πληγαῖς
969 2320 1204 2405 ἐπιτιμηθέντα
1223 2323 1418 2404 διοργισθῆ-

242 2451 298 2491 ναι
317 2428 371 2491 καλ
390 2435 429 2513 τῆ
452 2428 577 2512 κιθάρᾳ
600 2428 659 2491 τὸν
678 2427 881 2491 διδάσκαλον
903 2425 1089 2504 πατάξαντα
1113 2427 1313 2508 ἀποκτεῖναι,
1338 2448 1417 2508 quae

242 2554 394 2617 magnam
421 2538 546 2616 partem
574 2556 613 2597 ex
642 2533 806 2597 comoedia
834 2533 1024 2617 deprompta
1052 2555 1120 2597 esse
1143 2533 1287 2597 Kockius
1315 2536 1415 2616 putat.

242 2638 360 2702 Exstat
375 2640 471 2703 etiam
485 2640 704 2724 fragmentum
719 2636 893 2703 Alexideae
906 2639 1044 2724 fabulae,
1063 2661 1127 2722 quo
1141 2639 1241 2702 Linus
1257 2638 1417 2701 inducitur

243 2744 410 2807 alumnum
443 2767 537 2808 suum
569 2745 672 2809 literis
704 2745 860 2810 imbuens.
915 2743 1071 2810 Hercules
1104 2745 1301 2826 admonitus,
1332 2749 1368 2808 ut
1399 2766 1415 2807 e

241 2850 361 2914 libellis
389 2873 490 2914 unum
518 2851 580 2914 sibi
608 2852 741 2935 deligat,
769 2850 975 2934 ὀψαρτυσίαν
997 2851 1180 2934 prehendit,
1207 2852 1283 2915 hinc
1306 2849 1415 2914 Linus:

242 2955 333 3019 Alex.
347 2957 385 3019 fr.
403 2954 564 3040 135,Hp.
580 2956 703 3020 345K.:
835 3042 838 3048 Ι
1184 3040 1197 3051 ‚

884 3047 1070 3129 φιλόσοφός
1092 3068 1142 3120 τις
1165 3050 1205 3127 εἰ,

457 3150 671 3235 abripienda
693 3150 808 3234 παρεὶς
830 3161 974 3216 τοσαῦτα
997 3152 1169 3234 γράμματα

459 3260 572 3338 Σίμου,
592 3256 712 3341 τέχνην
734 3260 857 3340 ἔλαβες.

242 3396 344 3462 Vanis
363 3399 464 3483 igitur
483 3403 515 3463 et
532 3399 586 3463 hic
605 3399 751 3483 indulget
772 3403 809 3463 ut
828 3397 983 3463 Cottalus.
1022 3396 1170 3463 Ceterum
1188 3398 1325 3461 fortasse
1343 3401 1411 3461 ante

242 3502 413 3568 Alexidem
436 3506 540 3569 simile
563 3507 714 3569 tractavit
732 3510 958 3590 argumentum
977 3503 1219 3568 Anaxandrides
1243 3505 1278 3566 in
1299 3503 1412 3587 fabula,

243 3633 323 3693 quae
334 3608 498 3696 Ἡρακλῆς
516 3610 710 3694 inscribitur,
733 3611 789 3675 ubi
803 3611 948 3676 Kockius
966 3611 1046 3675 haec
1064 3611 1198 3673 adnotat
1217 3606 1410 3695 (11p.144):

242 3718 385 3782 videniur
407 3718 467 3782 duo
484 3716 581 3798 pueri
607 3719 688 3781 ortis
714 3719 850 3782 ιιιιιειιαε
871 3718 1020 3798 magistro
1042 3717 1078 3780 iu
1101 3717 1302 3798 disciplinam
1326 3715 1410 3795 badi,

242 3845 373 3905 quoram
396 3824 474 3888 alter
496 3825 525 3888 ei
547 3843 731 3904 magnopere
747 3824 909 3906 probatur,
932 3823 1011 3886 alter
1031 3823 1165 3903 fortasse
1182 3821 1329 3886 Hecales
1345 3821 1409 3901 fuit.

203 3969 205 3973 <
243 3929 447 4014 Quantopere
466 3930 593 3994 doricae
613 3929 797 3993 comoediae
811 3934 923 3992 auctor
942 3930 1070 4014 gavisus
1090 3929 1132 3991 sit
1150 3926 1246 3990 hilari
1265 3919 1297 3990 et
1314 3927 1409 3990 faceta

243 4036 456 4119 descriptione
479 4037 614 4099 heroum
639 4055 713 4098 cum
736 4036 883 4118 aliorum,
906 4039 975 4098 tum
999 4034 1137 4097 maxime
1156 4031 1336 4118 Herculis1)
1359 4031 1408 4115 qui

242 4142 438 4224 meminerit,
465 4142 539 4205 inde
572 4142 762 4225 deprompta
791 4162 858 4204 esse
887 4139 944 4203 illa
973 4144 1162 4224 argumenta
1195 4138 1407 4221 suspicabitur,

335 4337 361 4403 1)
380 4333 414 4387 cf.
425 4332 524 4387 titulos
534 4332 697 4401 Epicharmi
712 4331 885 4385 fabularum:
902 4328 1042 4399 Ἡρακλῆς
1056 4331 1070 4384 ὁ
1085 4330 1164 4398 παρὰ
1176 4328 1263 4401 Φόλῳ,
1278 4327 1407 4396 Ἡρακλῆς

243 4422 257 4475 ὁ
279 4422 324 4476 ἐπὶ
342 4422 392 4476 τὸν
410 4426 544 4490 ζωστῆρα.
1188 4422 1190 4425 ’
