2996 5088
747 324 968 387 „32-

851 497 906 564 καὶ
930 500 1065 583 τριακὰς
1087 501 1107 582 ἡ
1127 502 1226 584 πικρὴ

427 609 485 673 τὸν
507 608 633 688 μισθὸν
656 609 741 671 αἰτεῖ
762 605 825 689 κῆν
847 607 887 670 τοὶ
910 605 1092 670 Ναννοίκον
1115 607 1257 671 κλαύσω.

267 750 476 832 Phidippides
501 751 539 813 de
562 750 669 832 priore
693 771 751 812 sua
773 748 890 811 inertia
911 748 975 811 hoc
998 747 1077 813 dicii
1095 771 1123 811 v.
1146 748 1245 811 1402:

334 890 407 956 οὐδ’
434 890 476 956 ἂν
499 890 566 975 τρί’
594 893 700 955 εἰπεῖν
724 888 847 975 ῥήμαθ’
876 881 945 965 οἷός
967 888 996 954 τ’
1023 885 1066 972 ἦν
1088 890 1168 972 πρὶν
1191 887 1390 973 ἐξαμαρτεῖν

268 1037 331 1098 quo
356 1037 427 1081 cum
451 1015 523 1080 loco
547 1014 691 1080 conferre
714 1015 805 1078 iuval
819 1013 894 1078 Her.
909 1037 938 1077 v.
953 1015 1005 1097 22,
1020 1013 1116 1097 30sq.

359 1138 394 1203 Si
419 1140 497 1222 quid
519 1161 600 1222 puer
621 1142 822 1221 peccaverat,
851 1138 935 1220 apud
963 1141 1086 1201 veteres
1114 1135 1300 1221 ἐπετρίβετο
1324 1139 1452 1200 τυπτό-

268 1267 366 1325 μενος
389 1246 523 1328 πολλας,
547 1237 591 1320 ὣς
612 1246 671 1320 τὰς
694 1245 835 1319 Μούσας
862 1244 1032 1326 ἀφανίζων
1055 1240 1235 1328 (Aristoph.
1253 1243 1330 1307 nub.
1351 1239 1452 1327 972)ς

268 1351 307 1415 cl.
325 1350 430 1415 Plaut.
445 1351 560 1415 Bacch.
579 1350 645 1414 433
670 1348 818 1436 (Orosius
838 1350 957 1416 Uolero.
972 1372 1001 1432 p.
1018 1347 1084 1428 76).

337 1492 417 1556 Cum
439 1493 560 1556 librum
583 1494 715 1579 legeres,
739 1493 766 1555 si
789 1514 887 1555 unam
910 1490 1107 1575 peccavisses
1131 1490 1296 1573 syllabam,

336 1598 445 1663 Fierel
467 1600 590 1663 corium
612 1602 680 1663 bam
703 1596 902 1662 maculosum
926 1600 1054 1680 quamsi
1077 1597 1210 1660 nubicis
1233 1596 1378 1680 pallium.

269 1762 333 1823 quo
358 1762 430 1805 oum
453 1741 525 1804 loco
549 1742 588 1804 of.
609 1739 683 1803 Her.
704 1740 812 1820 89sq.:

483 1881 554 1946 ἀλλ’
582 1880 673 1946 ἐστὶν
695 1881 799 1964 ὕδρης
821 1880 1054 1964 ποικιλώτερος
1077 1884 1188 1966 πολλῷ

483 1988 539 2052 καὶ
562 1989 614 2051 δεῖ
638 1990 753 2070 λαβεῖν
775 2011 831 2050 νιν
854 1983 933 2050 κάντὶ
956 1987 1084 2072 βυβλίῳ
1109 1988 1212 2068 δήαου

483 2094 519 2158 τὸ
542 2091 657 2177 μηδέν,
681 2095 782 2168 ἄλλας
806 2093 932 2156 εἴκοσιν
956 2116 1001 2175 γε.
1009 2089 1034 2173 ¹)

270 2236 406 2319 Eorum,
434 2258 515 2318 quae
537 2235 723 2299 Meirolima
749 2213 850 2317 puero
879 2233 1069 2317 opprobrat,
1095 2238 1249 2315 tanquam
1278 2232 1372 2298 cardo
1396 2237 1448 2296 est

271 2342 430 2405 sententia
452 2342 541 2424 haec,
569 2362 650 2423 quae
674 2341 708 2403 in
731 2340 946 2404 Bacchidibus
971 2340 1110 2404 occurrit
1132 2339 1175 2426 (v.
1197 2339 1274 2422 1643
1301 2339 1447 2420 loquilur

269 2444 507 2532 paedagogus):

381 2587 519 2652 Nimio's
542 2593 578 2652 bu
601 2588 642 2652 ad
664 2587 742 2653 istas
765 2610 815 2651 res
840 2587 1017 2670 discipulus
1040 2587 1176 2651 docilior

383 2694 487 2770 Quam
510 2693 629 2758 odilla
653 2716 734 2776 quae
757 2699 790 2758 te
813 2694 918 2779 docui,
940 2694 997 2757 ubi
1021 2715 1152 2776 operam
1174 2692 1307 2775 perdidi.

272 2837 311 2902 cf.
326 2836 401 2901 Her.
416 2837 503 2899 mim.
518 2834 576 2918 ΠΙ,
591 2837 673 2918 8sq.,
692 2835 734 2899 53
741 2857 786 2917 sq.

361 2942 473 3005 Pueris
497 2942 577 3006 bene
596 2942 787 3005 moratione
806 2941 938 3004 muttire
962 2940 1090 3023 quidem
1113 2940 1243 3004 licuisse
1267 2939 1442 3023 priscorum

272 3052 455 3130 temporum
477 3048 627 3111 laudabor
648 3051 757 3111 nanat
780 3046 855 3110 nub.
875 3046 953 3110 963:

316 3201 449 3273 πρῶτον
472 3190 533 3269 μὲν
556 3191 623 3254 ἔδει
646 3190 763 3264 παιδὸς
787 3188 904 3273 φωνὴν
928 3185 1109 3272 γρύξαντος
1132 3186 1245 3271 μηδέν’
1273 3187 1419 3270 ἀκοῦοαι;

273 3337 306 3396 ab
334 3332 420 3415 apud
446 3330 609 3394 Herodem
637 3331 721 3394 idem
749 3330 935 3413 parentibus
963 3351 1029 3392 non
1057 3330 1134 3393 licet
1160 3330 1311 3393 adversus
1333 3327 1443 3412 filium,

273 3438 360 3502 mim.
376 3436 435 3520 ΠΙ,
449 3438 505 3501 36:

646 3526 688 3609 ἢν
712 3524 751 3589 δέ
773 3527 815 3607 δή
837 3548 868 3590 τι
891 3525 946 3588 καὶ
964 3529 1076 3604 μεῖζον

488 3629 606 3715 γρύξαι
629 3630 789 3711 θέλωμεν.

364 3774 432 3839 Iam
457 3772 600 3859 singulas
623 3794 673 3837 res
697 3773 866 3836 afferamus
891 3773 1065 3836 secundum
1089 3793 1238 3835 versuum
1263 3770 1409 3834 ordinem.

274 3941 304 3981 v.
321 3918 359 3980 11
377 3922 410 3981 et
424 3917 480 3979 64:
824 3915 907 3998 πρὸς
930 3914 1050 3997 δὲτὴν
1073 3916 1237 3997 παίστρην

510 4019 547 4085 ἐν
569 4031 656 4085 τοῖσι
679 4021 890 4105 προύνίαοιοι
913 4022 1073 4104 χαλκίζεις
1096 4018 1251 4103 φοιτέων.

275 4166 488 4175 ——.--—-

365 4253 392 4319 1)
411 4249 495 4311 ἄλλοις
514 4244 620 4302 εἴκοσίν
634 4266 664 4316 γε
684 4247 872 4316 εοί1.ττληγάς,
891 4250 924 4300 ut
937 4246 1135 4315 Aiislophanis
1148 4246 1210 4300 loco
1230 4245 1437 4315 supralaudato

275 4340 310 4407 (v.
330 4341 405 4408 972);
434 4338 469 4391 of.
498 4337 584 4391 etiam
607 4336 748 4405 Aristoph.
774 4353 815 4390 av.
841 4340 922 4389 1018:
952 4332 1106 4390 ἐπίκεινται
1133 4335 1186 4404 γὰρ
1216 4335 1297 4404 ἐγγὺς
1324 4335 1399 4388 αὑταὶ
1419 4334 1437 4388 i.

274 4423 385 4495 πληγαί.
425 4426 479 4479 Sed
497 4425 568 4480 haec
587 4424 694 4494 ellipsis
712 4425 817 4491 ubique
836 4424 967 4492 frequens
987 4427 1037 4478 est.
