2996 5088
70 314 159 367 mim.
171 315 204 367 11.
567 355 609 364 -
656 317 699 381 29
746 355 788 363 ..

127 493 167 558 Si
190 495 271 558 mihi
295 494 412 558 dantur
434 495 498 558 duo
521 493 643 558 talenta
665 495 791 579 argenti
813 497 980 558 numerata
1003 493 1038 557 in
1060 516 1200 575 manum,

125 599 223 663 Hanc
245 599 306 663 tibi
329 603 456 663 noctem
556 599 641 663 dono
666 599 757 663 dabo.

76 723 208 787 etat-39:
231 722 283 786 Ut
300 724 420 806 voles,
443 728 484 787 ut
507 723 581 788 tibi
599 723 764 805 lababit,
787 724 898 788 nobis
916 724 1039 808 legem
1059 724 1262 807 imponito:

231 827 329 893 Modo
352 833 459 893 tecum
477 851 542 892 una
561 833 731 915 argentum
754 830 888 913 adferto,
910 829 1004 894 facile
1027 830 1132 912 patiar
1150 832 1263 894 cetera.
1377 919 1382 927 .

77 951 207 1017 Sannio
230 954 266 1016 in
283 952 413 1017 Terenti
430 950 588 1036 Adelphis
611 956 648 1015 ut
667 952 818 1017 Battarus
841 953 1027 1018 verberibus
1050 953 1133 1018 ictus
1153 953 1262 1017 oblato

77 1065 220 1145 argento
243 1060 338 1123 facile
361 1061 520 1144 placatum
543 1059 704 1124 namhoc
728 1060 881 1144 cognovit
903 1059 1026 1124 112061

514 1184 642 1265 quando
667 1206 740 1248 eum
765 1187 934 1266 quaestum
959 1185 1120 1267 occeperis

220 1289 408 1372 accipiundo
431 1294 463 1353 et
486 1290 685 1354 mussitanda
709 1290 826 1353 iniuria
849 1291 1142 1354 adulescentiumst.
1222 1333 1224 1337 -

175 1413 284 1478 Etiam
307 1413 434 1477 Labrax
457 1414 562 1498 plagis
591 1415 730 1496 acceptis
763 1414 898 1497 aliisque
926 1412 1169 1478 imminentibus
1201 1413 1263 1476 hoo

80 1519 240 1604 proponit
263 1518 366 1583 Plaut.
386 1518 468 1582 llud.
490 1519 567 1582 726:

175 1625 233 1707 Tu,
257 1647 362 1708 senex,
386 1626 413 1690 si
436 1625 514 1690 istas
538 1647 635 1708 amas,
657 1625 722 1689 hue
744 1626 834 1690 arido
857 1630 1024 1710 argentost
1047 1648 1137 1709 opus.

176 1749 295 1831 Habes,
319 1750 406 1831 quod
427 1750 490 1814 hoc
514 1772 642 1833 quoque
664 1752 737 1813 loco
762 1750 911 1814 eximiam
931 1750 1096 1813 admireris
1115 1747 1262 1812 Herodae

83 1861 198 1938 artem,
218 1856 273 1938 qui
289 1860 326 1920 ut
340 1856 459 1941 insigni
475 1856 612 1938 quadam
630 1878 738 1920 rerum
753 1857 966 1940 discrepantia
980 1857 1105 1920 animos
1120 1856 1263 1938 delectet,

83 1963 173 2046 apud
191 1963 344 2027 honestos
367 1966 399 2026 et
422 1966 566 2026 austeros
585 1963 706 2027 iudices
724 1964 874 2027 lenonem
893 1963 1017 2026 inducit
1034 1984 1100 2026 uon
1119 1962 1212 2026 aliter
1230 1984 1263 2025 se

84 2073 251 2154 gerentem
280 2090 376 2151 quam
405 2069 432 2131 si
459 2069 493 2131 in
520 2069 668 2151 lupanari
699 2073 851 2133 versetur.
901 2067 987 2132 Nam
1019 2069 1053 2132 in
1084 2069 1149 2152 his,
1182 2089 1263 2150 quae
1355 2094 1358 2099 ’

84 2181 240 2259 tanquam
268 2175 419 2257 privatim
448 2195 522 2238 oum
550 2175 731 2239 adversario
759 2176 827 2259 agit
856 2173 898 2260 (v.
919 2173 1079 2260 71-81),
1106 2175 1205 2238 talem
1229 2196 1263 2236 se

86 2282 228 2366 praebet,
251 2281 355 2365 qualis
379 2285 436 2362 est,
459 2281 681 2344 avarissimum
704 2282 862 2345 lenonem.
870 2278 894 2367 1)

177 2386 241 2451 Sed
275 2387 355 2451 haec
390 2387 559 2470 hactenus3
596 2408 698 2470 pauca
735 2388 879 2451 dicamus
916 2388 1013 2452 etiam
1050 2387 1088 2451 de
1120 2385 1262 2450 Thalete.

88 2493 182 2570 Quod
204 2493 290 2577 apud
309 2490 445 2557 Graecos
465 2498 497 2557 et
515 2492 679 2557 Romanos
702 2494 868 2558 libidinosi
891 2494 1116 2558 describuntur
1137 2498 1263 2572 nautae,

86 2600 151 2664 hoc
174 2601 370 2663 comicorum
398 2599 603 2682 potissimum
631 2620 819 2684 graecorum
847 2601 1022 2664 imitationi
1050 2603 1099 2663 est
1120 2599 1263 2663 tribuen-

89 2703 207 2791 dum2)‚
230 2727 333 2787 neque
353 2706 459 2782 minus
478 2706 599 2769 crimen
618 2706 784 2789 superbiae
803 2728 822 2768 a
839 2705 973 2770 Battaro
992 2709 1109 2769 nautae
1127 2705 1262 2768 illatum.

89 2812 127 2876 cf.
142 2809 317 2894 Antiphan.
331 2812 369 2874 fr.
386 2811 459 2894 151,
473 2809 505 2875 Π
519 2836 549 2895 p.
565 2811 665 2875 73K.:

261 2916 314 2981 ἐπὶ
338 2921 501 3001 χρήμασιν
525 2916 556 2983 d'
582 2920 630 2982 ὢν
653 2921 795 3003 ἔμπορος
819 2929 938 3003 φρονεῖ
960 2916 1083 3004 μέγαθ)

92 3021 297 3088 (iratissimus
307 3027 356 3087 est
366 3045 470 3107 coquo
480 3024 566 3107 apud
576 3024 745 3107 Diphilum
756 3022 862 3109 (fisa,
872 3023 940 3108 Hp.
950 3023 1015 3088 553
1025 3022 1075 3108 Κ.)
1086 3028 1193 3105 nauta,
1207 3023 1263 3104 qui

408 3129 642 3194 εἰσπέπλευκεν
665 3128 701 3194 ἐκ
725 3133 910 3208 Βυζαντίου

270 3244 424 3319 τριταῖος,
449 3236 590 3321 ἀπαθής,
614 3236 814 3321 εὐπορηκώς,
837 3239 1024 3322 περιχαρής,

270 3343 317 3417 εἰς
341 3340 408 3406 δέκ’
435 3340 488 3406 ἐπὶ
511 3351 551 3429 τῇ
574 3352 640 3430 μνᾷ
663 3343 836 3427 γεγονέναι
859 3345 914 3409 καὶ
938 3346 1076 3424 δώδεκα,

272 3451 382 3511 λαλῶν
403 3450 444 3512 τὰ
467 3454 574 3513 ναῦλα
597 3448 651 3513 καὶ
675 3448 779 3514 δάνει’
806 3448 1012 3534 ἐρυγγάνων,

271 3552 439 3638 ἀφροδίσι’
467 3554 531 3618 ὑπὸ
555 3557 694 3631 κόλλοψι
717 3564 917 3639 μαστροποῖς
939 3566 1052 3618 ποιῶν.

94 3675 130 3739 ο1.
139 3674 241 3738 Plaut.
251 3675 365 3739 Pseud.
378 3677 454 3740 188:
478 3676 665 3760 Hedyllium
681 3728 687 3740 .
703 3727 710 3740 .
725 3729 731 3740 .
747 3699 828 3760 quae
852 3677 980 3741 amica’s
1002 3675 1260 3761 frumentariis&

179 3888 204 3953 1)
225 3884 259 3938 of.
274 3883 395 3938 Hensius
409 3884 427 3937 l.
442 3884 460 3937 1,
472 3890 536 3938 2221
556 3885 609 3940 Die
627 3887 759 3941 burleske
782 3887 842 3953 Art,
861 3886 914 3940 wie
933 3886 994 3939 sich
1012 3886 1063 3939 das
1086 3885 1262 3953 perstnliche

95 3972 214 4026 Momont
245 3972 355 4027 iiberall
386 3972 538 4044 eindrangt
558 3976 678 4028 ...hat
710 3976 760 4029 der
786 3976 903 4029 Dichter
929 3974 982 4027 mit
1004 3973 1132 4028 Bedacht
1154 3974 1183 4025 in
1207 3974 1262 4026 den

95 4060 189 4114 Dienst
208 4060 257 4115 der
276 4061 499 4116 Charakteristilr
518 4063 640 4132 gestellt.

178 4153 205 4218 2)
224 4149 259 4203 cf.
277 4149 354 4203 locos
374 4167 391 4203 a
409 4150 506 4204 Crusio
526 4152 649 4206 adscitos
672 4152 779 4208 Uetera.
792 4171 820 4221 p.
836 4159 878 4206 52.

179 4241 205 4306 3)
225 4237 293 4290 Cum
307 4256 331 4290 v,
347 4243 380 4290 32
400 4239 435 4291 cf.
450 4239 595 4293 Menandr.
611 4245 675 4294 302:
696 4240 723 4294 οἱ
743 4250 886 4309 φυσῶντες
904 4238 952 4310 ἐφ’
973 4241 1084 4303 ἑαυτοῖς
1102 4238 1179 4309 μέγα.

177 4329 205 4395 4)
224 4326 333 4380 seilicet
355 4326 403 4393 iis,
431 4327 481 4393 qui
503 4331 536 4381 ut
558 4329 660 4383 Thales
683 4329 801 4384 navibus
824 4330 995 4384 frumentum
1018 4330 1211 4398 importabant
1233 4332 1263 4382 et

96 4414 193 4483 populo
213 4414 412 4469 divendebant.
450 4414 484 4468 cf.
500 4415 597 4470 Horat.
613 4434 636 4470 c.
650 4418 697 4485 ΠΙ,
713 4424 737 4485 6,
753 4423 799 4485 3θ;
819 4419 899 4487 epod.
914 4418 999 4486 XVII,
1014 4423 1057 4472 20.
