2996 5088
74 309 161 363 nim.
173 309 207 376 11,
227 313 322 376 1114.
567 347 609 354 -
655 310 696 371 27
744 346 787 353 -

73 490 229 553 foramen
251 509 365 569 urnae,
394 508 458 568 quo
481 485 618 550 tabellae
643 485 906 569 demittebantur,
935 485 1008 549 eulo
1032 488 1199 567 eomparat
1221 488 1258 547 ut

72 596 234 660 Battarus
258 594 456 677 clepsydrae:

173 723 263 784 ἔστιν
286 721 415 801 ἄγαλμα
505 717 706 800 ἀνθρώπους
728 719 840 781 τίκτον
862 718 944 780 κατὰ
966 722 1027 800 τήν
1049 717 1168 798 πυγὴν.

74 861 199 925 Faceta
229 861 309 924 haee
344 859 467 922 Eubuli
503 859 685 944 aenigmata
721 859 828 922 neseio
866 880 908 920 an
943 858 1074 943 cognita
1110 858 1259 922 habuerit

75 966 318 1031 Alexandrinus
350 968 458 1050 poeta3
495 965 579 1046 quod
613 965 640 1028 si
676 987 787 1028 verum
825 969 885 1046 est,
927 986 1012 1028 novo
1050 964 1259 1028 confirmatur

75 1073 201 1137 indieio
225 1072 340 1136 Hensii
363 1072 529 1136 sententia.

172 1220 201 1260 v.
217 1197 273 1260 711
826 1191 857 1258 dr
876 1197 995 1278 Γῆρας,

217 1363 219 1367 ,
244 1301 298 1367 σοὶ
321 1301 443 1384 θυέτω,
467 1300 536 1365 ἐπεὶ
559 1302 595 1366 τὸ
619 1293 687 1382 αἷμ’
714 1300 757 1366 ἂν
779 1299 983 1385 ἐξεφύσησεν

245 1411 354 1492 ὥσπερ
377 1411 542 1483 Φίλιππος
564 1406 601 1472 ἐν
620 1408 722 1495 Σάμῳ
746 1405 850 1472 κοτ’ὁ
875 1406 1031 1490 Βρέννος.

174 1549 299 1634 Nempe
323 1571 429 1614 merae
452 1552 532 1614 istae
556 1553 632 1614 sunt
650 1550 755 1613 minae
773 1549 915 1612 hominis
938 1547 1046 1612 mollis
1065 1553 1097 1612 et
1116 1550 1260 1613 enervati

80 1679 188 1739 neque
225 1678 306 1738 quae
343 1657 485 1720 minatur
515 1676 668 1740 peragere
701 1655 887 1740 cogitantis,
928 1654 968 1718 ad
1000 1656 1128 1718 irritum
1160 1656 1261 1740 igitur

82 1763 205 1827 eadunt
237 1767 270 1827 et
301 1762 525 1826 tantummodo
558 1763 659 1825 risum
693 1762 856 1825 concitant
889 1762 1048 1826 audientis
1081 1758 1135 1845 (ef.
1149 1783 1178 1824 v.
1195 1760 1260 1847 74).

82 1867 138 1933 Sic
162 1870 196 1931 in
214 1869 380 1932 comoedia
399 1890 527 1950 quoque
545 1869 785 1932 tumultuantur
807 1868 975 1951 minasque
998 1868 1127 1949 iactant,
1151 1889 1262 1949 quam-

83 1996 182 2059 quam
196 1974 349 2038 lenonum
368 1974 523 2049 mollities
542 1976 577 2038 in
595 1974 765 2057 proverbio
785 1973 874 2060 esa1)
912 1975 951 2038 of.
965 1974 1069 2039 Plant.
1084 1972 1166 2037 Rud.
1183 1975 1261 2038 7101

177 2080 317 2144 Labrax:
341 2078 457 2162 Iniqua
479 2081 560 2144 haee
583 2081 689 2163 patior
712 2101 786 2144 eum
809 2081 913 2162 pretio
937 2085 1002 2144 tue.
1077 2066 1080 2070 i

173 2187 264 2251 Dae:
287 2185 332 2250 At
355 2188 452 2251 etiam
475 2187 644 2251 minitatur
666 2186 779 2249 audax.

83 2298 116 2359 et
132 2294 210 2358 7891

217 2399 349 2482 Verum,
373 2422 479 2482 senex,
502 2401 529 2463 si
552 2404 584 2463 te
607 2421 750 2481 unquam
773 2400 808 2462 in
831 2399 911 2463 urbe
935 2400 1108 2482 offendere,

217 2505 404 2588 Numquam
427 2506 535 2570 herole
559 2507 730 2588 quisquam
753 2528 804 2568 me
827 2506 977 2569 lenonem
1001 2507 1127 2588 dixerit,

219 2609 254 2675 si
278 2615 310 2675 te
332 2632 399 2674 non
421 2611 515 2674 ludos
538 2632 705 2694 pessumos
729 2612 903 2675 dimissero.

86 2737 124 2800 ef.
139 2735 243 2799 Plaut.
258 2735 343 2799 Pers.
360 2734 438 2798 7931

130 2859 274 2923 Dordalz
297 2859 347 2924 Ne
378 2861 421 2924 sis
447 2881 500 2923 me
527 2881 592 2922 uno
622 2859 724 2943 digito
753 2860 914 2944 attigeris:
947 2881 987 2923 ne
1015 2865 1047 2924 te
1075 2859 1116 2923 ad
1133 2863 1261 2942 terram,

886 2968 997 3051 scelus,
1021 2966 1181 3050 adfligam.

88 3073 164 3136 8191
454 3071 526 3156 Ego
550 3071 607 3154 pol
630 3093 687 3134 vos
711 3070 887 3135 eradicabo.

89 3178 164 3242 8461
210 3179 261 3261 Ei,
285 3177 421 3260 colapho
445 3200 496 3241 me
520 3177 584 3241 ioit.
630 3175 753 3240 Malum
777 3177 869 3241 vobis
893 3177 975 3241 dabo
1002 3216 1040 3223 —

89 3287 141 3348 sed
163 3284 210 3348 1111
232 3285 337 3349 faeere
360 3284 463 3348 audet.

78 3471 80 3474 .
174 3432 203 3473 v.
220 3408 274 3472 741
409 3410 558 3483 κίναιδός
582 3409 648 3488 εἰμι
667 3405 721 3471 καὶ
745 3408 807 3471 οὐκ
830 3407 1037 3490 ἀπαρνεῦμαι

246 3512 301 3579 καὶ
324 3515 493 3597 Βάτταρός
516 3536 572 3593 μοι
595 3511 730 3593 τοῦνομ’
757 3511 837 3595 ἐστί,
860 3512 906 3596 χώ
929 3512 1059 3588 πάππος

246 3617 289 3703 ἦν
311 3643 368 3701 μοι
391 3622 588 3703 Σισυμβρᾶς
610 3619 656 3702 χώ
680 3620 785 3702 πατὴρ
810 3620 1069 3701 Σισυμβρίσκος,

246 3727 537 3809 κήπορνοβόσκεον
560 3726 686 3800 πάντες.

175 3866 248 3944 Hoe
270 3869 342 3931 loeo
366 3867 469 3931 oratio
499 3867 623 3930 cinaedi
650 3866 691 3930 ad
719 3887 879 3930 summam
907 3865 1012 3950 surgit
1040 3867 1132 3947 quasi
1159 3866 1262 3949 gravi-

92 3980 187 4039 tatem
220 3978 316 4056 atque
349 3973 555 4058 dignitatem,
591 3972 646 4035 vix
677 3975 786 4054 potest
818 3971 964 4035 festivius
1002 3971 1174 4053 quicquam
1206 3975 1262 4034 aut

93 4081 248 4145 efficacius
273 4081 458 4164 excogitari.
504 4078 604 4160 Atqui
627 4077 784 4141 simillimi
808 4078 1016 4141 inveniuntur
1039 4077 1073 4140 in
1096 4078 1262 4149 comoedia

93 4187 160 4269 loei,
182 4190 219 4250 ut
239 4184 359 4250 Sannio
383 4185 418 4248 in
436 4183 593 4268 Adelphis
612 4183 743 4248 Terenti
766 4187 917 4265 quaestus
939 4183 1173 4266 turpitudinem
1196 4205 1262 4246 non

180 4417 205 4483 1)
225 4413 261 4467 of.
275 4412 369 4466 Aulul.
384 4417 449 4465 422:
468 4411 583 4474 mollior,
597 4412 689 4481 magis
708 4428 793 4478 quam
811 4410 885 4464 ullus
905 4409 1047 4463 cinaedus.
