2996 5088
55 365 145 418 Mim.
157 364 178 417 l.
560 404 603 413 ..
650 366 670 428 9
718 404 759 411 ...

57 546 226 626 tissimae,
254 544 412 607 obnoxios
441 564 508 607 esse
541 543 690 607 affirmat.
698 541 723 629 ¹)
773 543 905 607 Eisdem
934 546 1144 630 argumentis
1161 546 1248 630 apud

59 649 296 733 Menandrum,
324 652 352 713 si
381 649 459 732 quid
486 648 594 731 video,
621 651 729 714 nescio
759 672 841 732 quae
864 652 1054 715 muliercula
1077 674 1148 715 erae
1172 673 1247 716 suas

59 757 261 839 persuadere
276 755 393 839 studet,
407 759 445 819 ut
454 757 558 820 amori
567 756 743 841 indulgeat.
767 756 1042 840 cf.Menand.209,
1051 756 1099 821 HI
1109 758 1246 841 paona

232 878 375 945 δέσποιν
380 929 389 963 ,
407 878 551 964 ’Ἑρωτος
575 880 676 945 οὐδὲν
701 881 807 964 ἰσχύει
831 881 944 964 πλέον,
1032 952 1033 955 ¹

232 983 306 1050 οὐδ’
334 986 433 1062 αὐτὸς
457 986 474 1051 ὁ
498 997 630 1071 κρατῶν
652 996 720 1051 τῶν
743 984 780 1050 ἐν
799 987 931 1074 οὐρανῷ
952 993 1043 1053 θεῶν

234 1094 328 1175 Ζεύς,
352 1090 422 1156 ἀλλ’
451 1090 566 1178 ἐκείνῳ
590 1090 685 1156 πάντ’
713 1091 936 1175 ἀναγκασθεὶς
958 1107 1056 1158 ποιεῖ.

65 1218 68 1227 ’
161 1233 285 1299 Comici
309 1235 395 1298 enim
414 1234 602 1318 Euripidem
627 1236 729 1298 secuti
751 1235 938 1299 hominibus
956 1237 1008 1299 vel
1027 1237 1156 1301 infimae
1175 1258 1251 1301 con·

66 1341 207 1405 dicionis
231 1343 320 1404 velut
343 1341 469 1405 ancillis
493 1342 668 1406 sententias
691 1341 877 1405 tribuebant
900 1324 1156 1427 e⁴sophistarum
1181 1348 1249 1407 arte

65 1445 230 1533 petitasl)
277 1447 377 1511 Plane
406 1447 525 1511 eisdem
548 1447 650 1532 igitur
674 1450 777 1512 causis
801 1449 918 1530 quibus
946 1448 1112 1533 Euripidis
1139 1453 1249 1514 nutrix

67 1558 102 1617 et
121 1555 188 1637 illa,
208 1576 289 1636 quae
303 1553 390 1637 apud
403 1553 614 1617 Menandrum
629 1555 721 1637 loqui
734 1554 870 1638 videtur,
893 1556 980 1639 apud
998 1554 1249 1640 Aristophanem

67 1660 239 1724 libidinem
255 1664 287 1724 et
301 1660 495 1724 adulterium
515 1665 646 1725 excusat
664 1664 774 1744 Λόγος
792 1662 847 1725 ille
866 1663 990 1745 ἄδικος,
1013 1664 1070 1745 qui
1093 1663 1250 1747 sophista-

66 1790 142 1830 rum
168 1771 339 1850 praeoepta
362 1767 486 1850 profert
509 1768 585 1830 nub.
599 1767 703 1846 1080:

393 1885 450 1954 εἶτ’
479 1892 525 1967 εἰς
548 1891 608 1955 τὸν
630 1890 689 1955 Δί’
718 1889 950 1975 ἐπανενεγκεῖν

185 2009 336 2073 κακεῖνος
359 1998 403 2073 ὡς
426 1998 534 2080 ἥττων
558 2000 679 2083 ἔρωτός
702 1996 771 2063 ἐστι
795 1997 851 2064 καὶ
874 2011 1057 2082 γυναικῶν·

184 2106 291 2167 καίτοι
315 2106 357 2167 σὺ
380 2104 506 2186 θνητὸς
529 2105 576 2168 ὢν
599 2110 684 2168 θεοῦ
707 2115 777 2181 πῶς
799 2109 912 2189 μεῖζον
935 2105 977 2171 ἂν
1001 2108 1133 2190 δύναιο,

71 2245 186 2328 ltaque
218 2246 296 2310 talia
328 2250 460 2328 peccata
496 2247 660 2309 lenissimo
699 2268 827 2330 quoque
857 2249 988 2311 nomine
1022 2249 1186 2332 appellant
1219 2253 1251 2313 et

73 2352 244 2435 Euripides
269 2356 300 2416 et
324 2353 439 2417 comici
462 2357 494 2416 et
517 2353 586 2436 ipse
608 2352 763 2417 Herodas.
810 2354 849 2418 cf.
863 2353 995 2438 Hippol.
1011 2354 1090 2418 507:

212 2482 245 2539 sl
265 2499 315 2539 τοι
340 2477 432 2540 δοκεῖ
454 2493 507 2540 σοι
531 2487 615 2561 χρῆν
637 2478 699 2559 μὲν
723 2479 763 2542 οὔ
787 2476 816 2542 σ’
837 2478 1085 2564 ἁμαρτάνειν.

75 2621 107 2680 et
131 2617 208 2681 615:

210 2740 394 2824 σύγγνωθ’·
418 2742 608 2827 ἁμαρτεῖν
632 2744 719 2819 εἰκὸς
742 2743 953 2829 ἀνθρώπους,
977 2742 1118 2808 τέκνον

7 2945 12 2955 ,
76 2882 150 2947 Her.
170 2884 256 2947 mim.
271 2881 300 2965 I,
320 2883 376 2947 61:
409 2882 479 2948 ἀλλ’
517 2880 542 2948 ὦ
575 2884 693 2950 τέκνον
725 2909 781 2967 μοι
812 2888 983 2969 Μητρίχη,
1015 2887 1096 2968 μίαν
1128 2885 1252 2968 ταύτην

78 2989 269 3075 ἁμαρτίην
293 2991 360 3066 δός,
400 2989 440 3073 V,
454 2991 514 3054 27:
533 2993 713 3076 ἄνθρωπός
727 2994 803 3075 εἰμι,
818 2992 1001 3076 ἥμαρτον,
1016 2992 1055 3056 of.
1065 2992 1149 3054 infra
1158 3014 1189 3076 p.
1200 2991 1254 3059 37.

165 3096 274 3160 Primo
299 3097 463 3180 impudica
485 3094 621 3162 mitricis
645 3099 779 3162 consilia
801 3097 947 3162 Phaedra
970 3119 1099 3180 quoque
1122 3099 1254 3181 respuit,

78 3203 171 3266 sicuti
194 3201 361 3285 Metricha,
384 3202 517 3287 Hippol.
531 3204 611 3267 498:

290 3322 315 3390 ὦ
340 3328 434 3392 δεινὰ
458 3326 579 3411 λέξασ,
603 3329 677 3413 οὐχὶ
701 3325 899 3414 συγκλῄσας
922 3331 1026 3410 στόμα

289 3432 344 3498 καὶ
367 3435 411 3516 μὴ
435 3437 592 3517 μεθήσεις
615 3430 716 3512 αὖθις
740 3437 929 3518 αἰσχίστους
953 3437 1086 3519 λόγους,

81 3575 117 3638 cf.
136 3573 210 3637 Her.
229 3574 318 3637 mim.
337 3572 362 3656 I,
382 3575 433 3637 73.

166 3678 206 3743 Ι11
229 3680 395 3745 comoedia
422 3681 607 3764 ubicunque
633 3682 707 3746 lena
731 3683 882 3765 occurrit,
911 3687 1036 3767 semper
1059 3683 1169 3747 eadem
1193 3688 1253 3747 est:

81 3787 195 3870 vetula,
208 3788 338 3869 loquax,
356 3789 432 3852 vino
448 3788 562 3871 dedita,
577 3789 702 3870 puellae
716 3788 902 3872 praedicans
916 3789 1115 3872 pudicitiam,
1134 3789 1254 3873 arguti-

83 3915 168 3957 arum
192 3897 225 3956 st
248 3895 480 3958 sententiarum
508 3896 715 3979 peritissima,
744 3895 881 3978 denique
909 3897 996 3978 talis,
1025 3897 1128 3979 qualis
1157 3896 1253 3958 etiam

84 4005 129 4064 cst
150 4000 236 4083 apud
258 3999 435 4086 Herodem,
464 4005 549 4065 certe
573 4023 669 4085 quam
692 4003 746 4067 hio
770 4002 858 4066 dedit
885 4003 992 4087 imago
1016 4001 1182 4066 verissima
1205 4004 1254 4063 est

84 4110 230 4188 olquam
253 4108 392 4170 maxime
416 4107 564 4172 ad‘vitae
589 4109 831 4172 similitudinem
856 4131 1015 4192 expressa.

169 4301 194 4368 1)
213 4297 328 4367 Hippol.
342 4303 404 4365 453,
424 4298 460 4358 of.
473 4306 539 4355 458:
843 4342 846 4349 ,

345 4387 491 4457 στέργουσι
509 4385 538 4442 δ’
550 4385 638 4458 οἶμαι,
657 4394 789 4462 συμφορᾷ
808 4389 966 4456 νικώμενοι.

168 4479 194 4545 2)
213 4476 255 4529 Dc
273 4477 328 4530 hac
346 4476 490 4545 Euripidis
511 4477 712 4532 consuetudine
731 4476 765 4531 cf.
780 4476 869 4545 Kock,
883 4475 972 4546 praef.
986 4475 1060 4531 ran.⁸
1073 4494 1101 4544 p.
1117 4480 1158 4529 20.
