2996 5088
233 308 370 377 mmm,
388 308 435 362 rr.
717 349 762 357 ..
807 311 850 375 34
899 349 936 357 -

257 516 259 521 ’
322 511 352 552 v.
366 488 423 554 81:
446 491 487 552 K.
501 496 637 570 παῦσαι,
662 488 783 571 ἱκαναί,
801 489 1004 572 Λαμπρίσκε.
1049 492 1089 551 Λ.
1103 471 1158 554 καὶ
1173 491 1215 553 σὺ
1231 490 1272 573 δὴ
1286 498 1430 555 παῦσαι

447 591 518 658 κάκ’
546 595 627 678 ἔργα
649 596 816 678 πρήσσων.

234 736 273 800 cf.
292 735 397 800 Plaut.
415 734 555 799 Mostell.
574 735 659 799 1173

234 841 327 907 Gall:
350 840 479 925 Tranio,
502 841 639 925 quiesce,
663 841 691 906 si
706 842 799 925 sapis.
846 840 905 905 m.
929 839 977 904 Tu
993 841 1120 925 quiesce
1134 841 1218 906 hano
1232 865 1300 906 rem
1313 843 1427 907 modo

1063 951 1180 1031 petere.

325 1077 354 1118 v.
369 1053 425 1117 93:
450 1053 569 1130 λάθοις
590 1053 652 1135 τὴν
675 1053 825 1135 γλάσσαν
847 1050 881 1128 ἐς
903 1051 978 1134 μέλι
1000 1053 1128 1129 πλύνας

234 1177 274 1242 ef.
288 1177 393 1242 Plaut.
407 1176 535 1241 lhueul.
552 1177 626 1260 178,
648 1175 705 1239 ubi
727 1175 922 1240 Diniarchus
946 1177 984 1241 de
1008 1176 1213 1242 meretricum
1235 1178 1373 1263 linguis:

326 1300 364 1365 In
387 1301 483 1365 melle
507 1304 582 1365 sunt
604 1301 734 1385 linguae
758 1301 837 1364 sitae
861 1303 988 1365 vostrae
1011 1304 1108 1384 atque
1131 1301 1300 1365 orationes.

741 1634 831 1699 Mim.
850 1633 906 1699 IV.

325 1775 439 1853 Quarti
462 1775 592 1859 quidem
615 1775 766 1840 carminis
789 1780 1015 1860 argumentum
1034 1776 1074 1839 ab
1094 1777 1210 1841 atticae
1229 1777 1420 1843 comoediae

234 1882 342 1948 indole
356 1881 498 1946 alienum
512 1881 646 1945 videtur.
689 1880 815 1945 Scimus
834 1884 941 1945 autem
955 1904 995 1946 ex
1004 1880 1171 1947 Athenaeo
1185 1880 1287 1968 (VIII,
1297 1881 1361 1946 362
1367 1880 1418 1969 B)

235 1989 275 2053 ab
295 1987 491 2071 Epicharmo
509 1986 657 2052 homines
678 2009 748 2051 esse
770 1986 919 2052 inductos
940 1995 1157 2072 καθορῶντας
1179 1990 1220 2052 τὰ
1238 1987 1275 2053 ἐν
1293 1994 1418 2054 Πυθοῖ

234 2093 439 2178 ἀναθήματα.
466 2092 511 2185 Et
526 2092 631 2158 simile
645 2096 871 2179 argumentum
885 2095 1037 2158 tractavit
1052 2092 1202 2177 Sophron
1215 2094 1251 2158 in
1263 2094 1417 2159 Isthmia-

234 2201 332 2283 zusis,
360 2221 439 2284 quas
466 2199 659 2264 Theocritus
687 2200 847 2283 spectavit
869 2199 904 2263 in
927 2199 1040 2283 idyllia
1059 2199 1122 2264 XV
1145 2198 1412 2287 (Συρακόσιανῆ

230 2303 502 2391 Ἀδωνιάζουσαι)
526 2305 756 2388 componendo.
796 2303 963 2369 Nonnulla
977 2305 1125 2371 Herodae
1148 2308 1318 2372 convenire
1337 2329 1413 2371 cum

234 2410 407 2476 Theocrito
430 2411 496 2475 iam
520 2433 616 2495 supra
638 2434 669 2494 p.
684 2409 719 2474 6⁸
741 2412 865 2495 monui,
888 2410 944 2475 sed
966 2412 1164 2476 observanda
1182 2417 1231 2477 est
1249 2412 1413 2477 iudicandi

233 2518 327 2601 ratio,
350 2539 414 2601 qua
436 2517 522 2601 apud
544 2522 719 2600 utrumque
741 2516 902 2581 artificum
926 2538 1023 2601 opera
1041 2517 1191 2582 mulieres
1214 2522 1414 2602 percensent,

235 2623 275 2688 cf.
294 2623 426 2688 Theocr.
444 2621 517 2706 XV,
537 2622 592 2687 78:

233 2747 361 2831 Γοργώ.
407 2743 594 2830 Πραξινόα,
622 2744 738 2829 πόταμ’
767 2741 841 2811 ὧδε.
873 2748 914 2811 τὰ
940 2749 1075 2812 ποικίλα
1097 2757 1225 2832 πρᾶτον
1248 2748 1411 2831 ἄθρησον,

416 2853 518 2917 λεπτὰ
540 2849 596 2916 καὶ
620 2850 664 2927 ὡς
687 2853 850 2934 χαρίεντα.
882 2858 974 2917 θεῶν
996 2854 1209 2938 περονάματα
1232 2863 1358 2936 puceis.

236 2975 375 3060 Πραξιν.
419 2972 537 3040 Πότνι’
560 2972 736 3039 Ἀθαναία
759 2976 855 3039 ποῖαί
875 2972 932 3057 σφ’
960 2973 1129 3041 ἐπόνασαν
1151 2978 1277 3061 ἔρνθοι,

416 3091 510 3146 ποῖοι
533 3082 723 3169 ζῳογράφοι
746 3079 904 3165 τάκριβέα
925 3080 1088 3167 γράμματ’
1116 3085 1272 3166 ἔγραψαν.

417 3189 461 3264 ὡς
484 3185 577 3272 ἔτυμ’
605 3185 796 3270 sacceam,
818 3185 875 3251 καὶ
898 3188 943 3264 ὡς
965 3184 1055 3272 ἔτυμ’
1083 3186 1285 3272 ἐνὸινεῦντι,
1412 3272 1415 3275 ¹

417 3291 549 3377 t'pdrvx',
573 3293 635 3357 οὐκ
658 3291 838 3377 ἐννφαντά.
884 3296 993 3377 σοφόν
1015 3317 1068 3358 τοι
1091 3292 1187 3380 χρῆμ’
1215 3295 1409 3390 ὥνθρωπος.

324 3433 378 3500 Sic
404 3438 442 3498 ut
469 3435 554 3518 apud
577 3433 742 3499 Herodem
764 3436 882 3498 veritas
910 3435 1050 3499 maxime
1077 3433 1276 3519 picturarum
1302 3436 1407 3500 lauda-

233 3546 288 3605 tur
324 3562 388 3624 qua
419 3540 591 3604 mulierum
629 3541 714 3606 oculi
746 3544 911 3626 tenentur,
942 3541 983 3604 ad
1010 3543 1134 3605 caelum
1165 3541 1327 3624 pictorum
1357 3562 1407 3605 ars

236 3647 382 3730 effertur,
405 3668 472 3710 non
493 3646 673 3729 hominum,
695 3647 751 3710 sed
774 3647 908 3711 deorum
930 3648 1009 3711 haec
1028 3668 1096 3711 esse
1119 3669 1217 3730 opera
1239 3647 1405 3731 affirmant,
1478 3680 1479 3689 ν

234 3757 325 3818 totus
348 3756 386 3816 ut
417 3753 509 3816 locus
542 3751 726 3816 simillimus
758 3753 801 3816 sit
827 3751 984 3817 Herodae.
1029 3751 1081 3817 Ex
1104 3775 1168 3836 quo
1192 3753 1354 3818 Theocriti
1375 3756 1406 3817 et

235 3857 385 3922 Herodae
408 3879 566 3923 consensu
588 3859 651 3923 hoe
674 3879 750 3922 sane
773 3858 858 3922 effici
880 3861 989 3941 potest
1005 3858 1093 3923 hunc
1110 3880 1240 3943 quoque
1258 3880 1298 3923 ex
1319 3862 1405 3943 parte

237 3961 416 4047 Sophronis
435 3964 591 4029 institisse
609 3964 765 4049 vestigiis,
784 3964 840 4029 sed
858 3963 1097 4029 describendam
1112 3965 1176 4029 sibi
1190 3965 1328 4048 sumpsit
1344 3987 1404 4028 non

234 4069 385 4153 alienam,
417 4092 529 4134 verum
566 4069 789 4154 domesticam,
819 4071 956 4136 fortasse
988 4070 1090 4154 ipsius
1122 4071 1253 4154 patriae,
1284 4070 1402 4153 copiam

235 4177 401 4261 signorum
424 4197 462 4240 ac
483 4176 681 4260 tabularum,
710 4175 827 4260 quibus
852 4175 955 4241 Coum
982 4174 1169 4259 Aesculapii
1194 4177 1306 4240 fanum
1336 4197 1403 4241 oon-

235 4282 383 4365 spicuum
407 4286 483 4347 erat.
527 4280 643 4365 Neque
665 4282 766 4368 igitur
789 4283 903 4347 dubito
927 4281 1005 4365 quin
1028 4282 1090 4348 hoe
1107 4304 1248 4366 ⁴quoque
1271 4283 1403 4347 carmine
1476 4330 1477 4343 ,

234 4387 374 4469 plurima
398 4386 562 4469 exipsius
585 4387 715 4472 ingenio
740 4387 901 4452 fluxerint.
