2996 5088
84 324 233 394 vass,
248 331 273 392 o,
289 331 331 393 ee,
346 331 388 379 44.
568 366 612 374 -
657 328 700 393 45
746 367 790 375 ,.

174 528 204 568 v.
223 504 279 568 36:
449 506 581 588 οὐγὰρ
609 504 693 570 ἀλλὰ
720 499 867 589 μἐξόνων
894 506 958 589 ἤδη

309 661 361 675 ...
380 609 526 697 κερδέων
549 611 748 695 ὀριχνῶνται

311 767 362 781 ...
381 719 421 781 τὰ
444 719 525 802 ἔργα
546 727 603 801 τῆς
625 716 741 802 τέχνης
763 719 871 802 ἡμῶν,

84 840 166 906 haee
184 841 250 906 fere
268 841 366 906 verbe
384 841 510 926 integre
530 844 664 905 exstent.
702 840 783 904 Cum
796 840 848 905 his
867 841 1021 925 conferes,
1040 863 1121 925 quoe
1140 863 1262 925 ooquue

85 948 247 1034 gloriosus
271 948 356 1031 apud
380 946 580 1031 Sosipetrum
604 947 749 1030 loquitur
772 944 824 1033 (fr.
844 947 874 1030 1,
891 945 940 1012 HI
959 970 989 1035 p.
1008 947 1074 1011 314
1087 945 1145 1030 K):

247 1055 289 1119 οὐ
312 1058 480 1130 παντελῶς
503 1053 790 1138 εὐκαταφρόνητος
812 1052 832 1135 η
856 1052 985 1137 τέχνη,

247 1158 289 1224 dv
311 1163 526 1245 κατανοήσῃς,
549 1157 639 1224 ἐστὶν
662 1158 784 1242 ἡμῶν,
808 1159 959 1243 Δημύλε·

514 1316 565 1329 ...
584 1263 638 1329 καὶ
662 1265 781 1340 πάντες
804 1265 925 1348 σχεδὸν

247 1368 332 1436 εἶναι
355 1372 510 1456 μάγειροί
531 1387 644 1455 φασιν,
668 1366 768 1436 οὐδὲν
792 1371 924 1447 εἰδότες.

246 1477 313 1542 ὑπὸ
336 1489 404 1542 τῶν
426 1478 588 1542 τοιούτων
612 1476 641 1541 d’
664 1476 684 1560 ἡ
707 1476 808 1560 τέχνη
829 1479 1030 1561 λυμαίνεται.

247 1581 317 1649 ἐπεὶ
340 1584 500 1666 μάγειρον
523 1582 566 1647 ἂν
588 1583 691 1668 λέβης
713 1583 888 1667 ἀληθινόν,
1112 1574 1115 1578 ’

506 1738 557 1752 ...
577 1688 691 1774 ἕτερόν
709 1706 764 1754 σοι
786 1691 890 1773 τυχὸν

247 1798 428 1880 φανήσεται
451 1796 488 1860 τὸ
511 1805 652 1880 πρᾶγμα,

83 1919 132 1986 Ut
159 1920 221 1984 iste
248 1940 369 2002 ooquus
396 1920 432 1983 in
459 1940 514 1983 eos
545 1919 722 2003 invehitur,
750 1920 807 2004 qui
834 1923 936 1984 ortem
964 1941 1055 1984 suem
1082 1920 1262 1985 simulando

84 2023 206 2113 (φασὶν
229 2025 331 2090 οὐδέν
353 2022 492 2111 εἰδότες)
521 2025 696 2108 depravent
719 2030 816 2108 etque
844 2026 1068 2110 detorqueant,
1096 2027 1142 2091 sio
1165 2028 1262 2091 etiem

85 2129 264 2195 Cerdonem
309 2129 424 2195 fecisse
468 2130 542 2195 looo
588 2135 739 2214 corrupto
784 2133 853 2195 veri
899 2133 1002 2196 simile
1044 2135 1101 2196 est.
1169 2130 1263 2207 Quod

84 2235 114 2301 si
151 2236 288 2320 deesset,
325 2236 520 2301 desiderares
551 2237 660 2302 neseio
698 2236 776 2320 quid
812 2237 847 2302 in
884 2239 1002 2303 sutoris
1035 2237 1262 2324 descriptione3

1 2375 2 2436 χ
84 2342 297 2425 quemobrem
310 2364 420 2407 versus
435 2347 602 2427 corruptos
616 2343 681 2407 iam
695 2341 873 2408 Buecheler
887 2345 933 2408 sio
952 2349 1001 2409 est
1018 2344 1262 2428 interpretetus:

1 2443 2 2494 l
84 2449 253 2513 ‘maiorem
284 2448 349 2513 iem
386 2448 561 2533 [plerique]
594 2453 763 2532 quaestum
795 2450 952 2532 adpetunt
987 2450 1075 2534 [oum
1112 2473 1179 2515 non
1210 2451 1263 2514 ed·

1 2613 4 2638 2
84 2555 238 2639 aequent]
262 2555 397 2620 artificia
419 2552 583 2641 nostroe)
607 2553 775 2638 of.Sosip.:
797 2554 818 2637 ἡ
837 2554 933 2639 τέχνη
952 2555 1046 2639 ἡμῶν
1065 2561 1097 2621 et
1115 2555 1191 2620 Her.
1206 2557 1262 2621 38:
1365 2591 1369 2597 ·

82 2670 144 2744 τῆς
175 2660 290 2744 τέχνης
321 2662 422 2744 ἡμῶν.
470 2660 587 2744 Sosipz
624 2661 784 2745 μάγειρον
820 2659 862 2725 ἂν
899 2662 1001 2747 λέβης
1033 2661 1199 2746 ἀληθινόν
1231 2668 1263 2727 et

85 2760 161 2831 Her.
183 2767 238 2832 70:
262 2765 420 2851 σκυτέων,
442 2769 552 2851 γύναι,
575 2763 723 2850 τώληθές
745 2765 789 2850 ἣν
810 2765 913 2853 essm
939 2769 1048 2852 ἔργον.

175 2896 203 2937 v.
223 2873 267 2937 44
282 2895 328 2956 sq.
351 2872 400 2937 De
418 2895 494 2937 vera
511 2873 608 2937 huius
627 2872 692 2937 looi
709 2872 847 2938 leetione
865 2894 933 2937 non
951 2878 1090 2958 oonstet;
1109 2874 1143 2938 in
1162 2875 1263 2939 altera

84 2981 263 3044 sententiae
282 2984 373 3063 parte
393 2980 431 3043 de
449 2980 557 3063 pueris
575 2979 629 3065 egi
647 3001 708 3065 ego
727 2979 838 3044 meh'm
852 2984 966 3064 putare
980 3003 1077 3064 quem
1092 2980 1131 3044 de
1150 2980 1262 3066 servis3

84 3106 160 3148 nem
180 3089 212 3149 et
230 3085 328 3149 verbe
346 3084 420 3169 φέρ’
443 3087 472 3150 el
491 3084 604 3170 φέρεις
622 3109 654 3149 τι
673 3090 705 3150 et
723 3087 780 3149 illa
802 3108 884 3170 quae
903 3086 1049 3170 sequitur
1066 3107 1140 3151 oum
1163 3086 1261 3170 pullis
1334 3162 1336 3166 ⁴

84 3191 284 3274 comparatio
308 3190 423 3255 melius
447 3190 488 3254 ed
510 3191 584 3256 illos
608 3189 784 3279 quadrato
826 3193 866 3257 ef.
885 3190 1051 3277 Aristoph.
1069 3192 1143 3278 Lys.
1161 3193 1261 3257 1203:

407 3315 436 3378 el
460 3312 501 3378 δέ
519 3338 565 3402 τω
588 3316 632 3399 μὴ
655 3326 746 3391 σῖτος
769 3316 864 3400 ὑμῶν

406 3422 498 3503 ἔστι,
514 3423 627 3503 βόσκει
650 3420 680 3486 d'
708 3421 836 3498 οἰκέτας
858 3421 913 3488 καλ

405 3528 528 3612 σμικρὰ
552 3528 659 3592 πολλὰ
681 3528 811 3611 παιδία,

83 3612 125 3677 of.
144 3611 271 3677 Thesm.
291 3612 365 3677 447.
777 3645 782 3659 ·

97 3805 98 3809 ’
177 3807 203 3874 1)
221 3803 286 3857 Nisi
307 3805 427 3873 primum
450 3822 547 3860 versus
570 3805 684 3860 literam
701 3809 737 3860 M
756 3808 786 3860 et
808 3806 963 3861 Buecheler
990 3809 1019 3860 et
1042 3806 1155 3872 Orusius
1184 3806 1260 3860 exhi-

84 3892 192 3960 berent,
212 3892 344 3960 equidem
361 3909 546 3962 proponerem
565 3891 734 3965 λωβεέμενοί
747 3915 774 3949 τι
787 3895 823 3949 τὰ
837 3895 904 3965 ἔργα
917 3902 967 3963 τῆς
984 3894 1083 3965 τέχνης
1099 3894 1178 3964 ἡμῶν
1197 3894 1260 3949 coll.

86 3979 176 4049 Sosip.
195 3980 287 4035 verbis
306 3980 324 4050 η
342 3980 425 4052 τέχνη
444 3979 607 4051 λυμαίνεται
630 3983 676 4052 (of.
690 3984 834 4053 Aristoph.
848 3996 909 4038 ren.v
924 3988 958 4037 93
977 3985 1098 4055 λωβηταὶ
1115 3982 1214 4054 τέχνης
1232 3986 1261 4039 et

84 4067 187 4122 Herod.
202 4068 236 4121 fr.
252 4072 314 4138 14.).
390 4062 391 4066 ’

175 4160 202 4226 2)
222 4156 256 4211 of.
275 4157 406 4226 Aeschyl.
422 4158 544 4229 Choeph.
560 4166 621 4229 254,
635 4165 688 4215 494
707 4160 771 4214 Eur.
786 4161 846 4214 Alo.
862 4166 915 4215 414
933 4163 963 4214 et
986 4160 1113 4230 saepius3
1136 4161 1258 4231 Epioret.

84 4244 388 4314 fr.e‚1s‚11p.2eeK.:
408 4246 490 4301 ὁπότ’
506 4242 543 4316 ἦν
557 4249 668 4312 νεοττὸς
681 4250 729 4304 καλ
743 4248 807 4317 νέας
826 4249 1003 4303 Herodianus
1018 4250 1144 4304 Boisson.
1155 4250 1259 4305 Aneed.

84 4331 131 4399 ΠΙ,
146 4337 210 4386 267:
231 4332 348 4389 νοσσιὰν
365 4333 480 4403 τέκνων,
499 4353 572 4404 quoe
587 4338 692 4391 oomioo
706 4337 839 4406 Koekius‚
858 4337 1003 4392 Nouelrius
1022 4338 1132 4409 tregioo
1150 4338 1259 4392 tribuit.

84 4418 120 4473 ef.
134 4420 257 4475 Iuvenel.
274 4429 299 4491 5,
314 4428 373 4477 142.
