2996 5088
250 352 328 405 Mim.
341 352 360 418 l,
380 357 422 418 37,
438 356 521 418 39sq.
735 393 773 400 ..
825 356 865 418 12
911 393 955 400 -

341 530 495 615 Sequitur
509 532 668 595 enarratio
683 553 790 595 rerum
809 531 1077 615 memorabilium,
1101 532 1218 616 quibus
1232 530 1441 597 Alexandria

252 639 294 702 sit
322 637 459 721 insignis
467 634 493 722 1)
523 635 565 723 (v.
585 635 707 723 2ss⁸q·)·
764 636 803 701 In
830 637 890 701 hac
913 637 992 701 urbe
1015 637 1176 704 illecebris
1202 640 1320 703 referta
1352 639 1441 703 dicit
1484 652 1487 721 ς

250 743 453 808 conciliatrix
466 744 567 807 vitam
582 743 674 808 illum
688 766 782 829 agere
796 744 1012 827 libidinosam,
1036 766 1108 809 cum
1122 767 1205 809 uxor
1218 745 1305 810 domi
1316 747 1438 810 sedens

239 851 369 914 sensim
393 854 550 935 senescat3
574 851 613 915 cf.
627 873 658 917 v.
672 850 728 914 37:
1259 831 1267 849 ⁰
1485 838 1487 867 ⁴

892 955 962 1021 κατ’
991 951 1054 1022 οὖν
1078 961 1187 1041 λήσεις

411 1059 597 1148 γηρᾶσα(ἳ)
620 1065 678 1127 καί
699 1079 758 1127 σευ
781 1064 818 1127 τὸ
842 1063 968 1148 dorcon
991 1062 1095 1148 τέφρη
1119 1065 1226 1143 addes,

252 1223 370 1306 quibus
388 1222 495 1287 verbis
514 1243 699 1307 comparare
717 1223 808 1287 iuvat
821 1221 980 1287 Aristaen.
995 1223 1055 1307 Ep.
1070 1226 1100 1308 2,
1117 1225 1133 1286 1
1150 1247 1181 1308 p.
1193 1223 1313 1308 159H,
1333 1247 1435 1308 quem

251 1330 359 1392 locum
383 1329 566 1393 comoediae
589 1329 690 1393 tribui
712 1329 784 1392 vult
806 1328 951 1394 Kockius
976 1328 1097 1415 (adesp.
1110 1328 1159 1394 ΠΙ
1173 1354 1203 1413 p.
1218 1327 1312 1415 446):
1388 1326 1397 1345 ⁹

848 1473 884 1536 τὸ
909 1469 938 1536 d’
958 1466 1022 1536 οὖν
1046 1471 1158 1557 ῥόδον,

467 1579 496 1641 εἰ
519 1579 564 1660 μή
588 1602 637 1653 τις
661 1578 750 1665 αὐτῷ
769 1580 935 1662 χρήσεται,
958 1576 1193 1663 ascalonas)

252 1734 296 1799 Et
314 1736 405 1800 lenae
424 1736 503 1801 haec
522 1737 692 1801 convenire
712 1736 900 1800 crediderim
920 1737 1038 1801 collata
1055 1738 1152 1819 illius,
1177 1760 1258 1821 quae
1277 1742 1326 1801 est
1345 1738 1434 1821 apud

252 1841 458 1927 Propertium
480 1840 529 1905 IV
544 1842 574 1926 5,
589 1843 641 1926 22,
665 1839 857 1928 oratione⁸):

466 1982 544 2046 Vidi
568 2006 628 2069 ego
653 1985 779 2048 odorati
802 1984 926 2048 victura
949 1986 1071 2050 rosaria
1093 1984 1202 2050 Paesti

554 2089 621 2154 Sub
645 2091 805 2155 matutino
830 2095 921 2156 cocta
944 2092 1046 2156 iacere
1069 2090 1168 2160 Noto.

254 2247 386 2313 Crusius
395 2252 573 2315 orationem
581 2251 672 2314 lenae
682 2250 806 2313 confert
816 2251 913 2314 etiam
924 2248 1100 2314 Ovidianae
1109 2248 1259 2336 (Amonl
1270 2251 1299 2334 8,
1310 2251 1354 2315 20
1359 2249 1431 2337 sq.),

254 2377 336 2437 quae
360 2358 535 2420 senectutis
551 2356 701 2439 puellam
726 2357 973 2420 commonefacit
995 2378 1025 2419 v.
1040 2356 1097 2420 53:

414 2495 533 2562 Forma
555 2498 619 2563 nisi
642 2497 794 2562 admittas
818 2499 908 2561 nullo
933 2502 1099 2562 exercente
1123 2496 1300 2585 senescit4)

344 2655 415 2732 Quo
443 2656 578 2741 propius
603 2656 706 2740 (tynis
734 2678 771 2721 eo
799 2657 958 2740 pervenit,
986 2661 1023 2721 ut
1051 2679 1108 2722 cur
1133 2659 1257 2722 venerit
1284 2658 1429 2741 fateatur,

254 2784 291 2827 eo
316 2763 464 2846 pluribus
488 2763 660 2848 distinguit
684 2763 863 2827 orationem
885 2764 1072 2846 luminibus,
1095 2766 1240 2849 argutiis,
1263 2764 1428 2828 sententiis

254 2872 433 2953 poetarum,
456 2891 536 2952 quas
556 2870 715 2933 eiusmodi
732 2868 941 2933 mulierculae
955 2892 1081 2953 semper
1095 2870 1130 2934 in
1143 2875 1297 2954 promptu
1311 2869 1427 2934 habent

253 2975 424 3058 verbisque
449 2975 516 3039 suis
539 2975 682 3039 intexere
706 2977 825 3058 solent,
853 2978 889 3038 ut
913 2976 972 3040 sub
997 2977 1142 3041 oratione
1165 2977 1310 3061 speciosa
1332 2977 1427 3040 lateat

255 3079 447 3169 contagio.⁶)
494 3081 580 3158 Quas
603 3082 678 3146 inde
701 3105 763 3151 av.
778 3082 821 3146 39
845 3083 938 3148 affert
960 3083 1202 3169 similitudines,
1229 3083 1352 3147 amari
1373 3105 1427 3166 po-

254 3188 416 3252 tissimum
444 3193 520 3253 sunt
548 3190 671 3255 ductae.
716 3188 829 3254 Latius
858 3193 948 3274 patet
974 3190 1028 3255 hic
1055 3212 1147 3273 usus3
1174 3194 1211 3254 ut
1233 3188 1425 3273 Theognidis

254 3293 428 3381 imaginem
457 3295 496 3359 de
523 3294 694 3359 mulierum
722 3295 940 3360 inconstantia
967 3296 1127 3378 prolatam
1151 3292 1288 3380 (1457)
1317 3294 1424 3359 iisdem

253 3402 321 3465 fere
343 3400 451 3465 verbis
474 3400 674 3483 Theophilus
698 3401 840 3466 comicus
864 3403 1023 3486 expressit
1045 3402 1084 3465 fr.
1101 3401 1130 3484 6,
1145 3399 1176 3464 Π
1194 3424 1225 3484 p.
1239 3400 1349 3465 475K.

347 3668 373 3735 1)
392 3665 429 3723 cf.
446 3664 546 3718 laudes
564 3664 741 3718 Athenarum
758 3666 850 3735 ignoti
869 3666 969 3719 comici
988 3665 1022 3722 fr.
1037 3670 1098 3732 340,
1112 3664 1151 3716 ΠΙ
1163 3683 1192 3733 p.
1206 3664 1297 3717 471K.

347 3757 374 3824 2)
394 3753 577 3807 ‘admonetur
598 3752 707 3821 puella,
730 3756 763 3807 ut
785 3754 931 3807 iuventute
953 3753 1077 3806 fruatur’
1116 3752 1263 3811 Kockius..
1286 3752 1319 3806 el.
1338 3751 1421 3806 Plaut.

255 3843 337 3898 Most.
357 3842 432 3897 infra
451 3861 478 3912 p.
498 3849 539 3896 16,

345 3936 372 4001 3)
392 3931 426 3986 cf.
442 3930 555 3985 Crusius
574 3931 679 3986 Unters.
698 3949 726 3999 p.
743 3937 784 3985 21.

345 4023 372 4090 4)
390 4021 429 4073 At
451 4022 528 4073 totus
555 4020 603 4074 hic
629 4020 707 4074 locus
726 4018 772 4072 vix
790 4019 920 4074 Herodes
947 4022 1008 4072 tam
1035 4018 1136 4072 similis
1165 4021 1220 4086 est,
1239 4020 1272 4071 ut
1289 4017 1420 4085 Mattium,

255 4110 385 4164 Herodae
412 4109 598 4176 imitatorem,
625 4108 669 4161 vel
700 4109 794 4177 ipsum
820 4090 966 4162 Herodem*
990 4106 1119 4161 concludi
1137 4106 1223 4160 liceat
1242 4107 1277 4160 ab
1305 4106 1419 4176 elegiaco

255 4201 341 4268 poeta
359 4199 500 4266 inspectos
520 4213 580 4251 essa
599 4196 644 4265 (cf.
660 4197 774 4251 drusius
787 4197 806 4250 l.
822 4214 844 4251 c.
859 4215 886 4266 p.
903 4198 960 4265 22);
979 4197 1084 4250 rectius
1103 4196 1139 4249 de
1157 4212 1191 4249 ea
1212 4196 1333 4261 ratione,
1355 4209 1419 4263 quae

255 4288 330 4342 inter
348 4287 522 4340 comoediam
544 4302 676 4354 graecam
699 4290 728 4340 et
750 4287 889 4355 elegiacos
908 4301 1038 4339 romanos
1057 4284 1220 4351 intercedit,
1244 4283 1366 4338 iudicare
1382 4283 1417 4336 vi·

253 4377 339 4430 detur
357 4375 400 4429 Fr.
415 4375 471 4429 Leo
490 4376 616 4430 Plautia.
637 4375 748 4429 Ferret.
768 4393 794 4443 p.
812 4380 870 4428 129.

346 4468 373 4533 ὅ)
392 4464 428 4520 cf.
442 4463 534 4518 Plaut.
549 4465 659 4518 Asinar.
677 4469 736 4531 156,
758 4469 808 4518 178
819 4482 859 4532 sq.
