2996 5088
188 327 486 395 Mim.vn‚115,1aa.
674 366 718 374 ..
763 327 805 391 48
851 365 896 372 -

189 508 264 591 quis
288 511 336 571 est
364 507 421 590 qui
447 504 591 569 nesciat?
636 502 681 567 Hi
706 505 837 568 omnine
864 502 1038 567 ridiculum
1062 506 1241 566 amatorum
1265 523 1368 587 genus
1442 544 1451 557 ·

189 613 374 698 gaudebant
398 611 588 693 describere,
615 614 652 673 ut
671 610 831 674 similibus
855 608 1016 673 coloribus
1039 629 1077 672 ac
1101 630 1213 672 senum
1241 630 1367 673 amores
1456 604 1462 615 '

190 720 392 784 servulorum
420 716 636 800 explicabant:
673 714 824 780 Pseudoli
856 714 1039 779 memineris
1068 715 1151 779 dona
1182 713 1302 779 Bacchi
1334 718 1368 778 et

191 824 329 889 Veneris
353 824 399 889 ita
420 822 583 886 laudantis
606 820 711 886 Plaut.
726 819 902 908 (Menand.)
918 820 1031 885 Pseud.
1050 819 1148 884 1257:

187 976 211 1025 μ
237 947 300 1011 Hic
324 968 434 1011 omnes
457 945 651 1030 voluptates,
674 945 709 1010 in
731 945 793 1010 hoc
817 966 928 1009 omnes
951 948 1135 1008 venustates
1159 948 1242 1007 sunt.

237 1053 315 1117 Deis
338 1072 532 1136 proxumum
555 1073 623 1116 esse
647 1050 792 1115 arbitror.

131 1233 134 1238 Α
236 1159 322 1224 Nam
345 1159 403 1223 ubi
426 1180 536 1222 amans
565 1157 767 1241 complexust
790 1160 965 1241 amantem,
993 1156 1050 1220 ubi
1077 1155 1167 1220 labra
1189 1155 1229 1219 ad
1251 1154 1369 1219 labella
1496 1201 1498 1256 ὲ

1048 1285 1100 1326 ar
1170 1285 1181 1325 1

237 1370 304 1437 Ubi
318 1370 400 1435 alter
413 1369 550 1434 alterum
564 1370 703 1456 bilingui
718 1370 889 1434 manifesto
904 1370 988 1433 iuter
1007 1390 1040 1433 se
1058 1262 1261 1452 pirdlildbd'unt
1275 1389 1300 1431 e.
1309 1389 1338 1452 q.
1345 1388 1368 1431 s.

253 1562 254 1565 ,
283 1493 462 1580 Imaginem
490 1495 530 1558 ab
553 1493 684 1558 Hercda
705 1517 734 1558 v.
752 1493 815 1557 109
838 1494 873 1557 in
900 1491 1073 1557 ridiculum
1102 1492 1261 1556 detortam
1284 1488 1370 1554 Ana-
1467 1583 1468 1586 Ἴ

190 1623 291 1666 creon
304 1600 428 1665 invenit
442 1598 659 1687 (ἀναπέτομαι
674 1601 715 1683 δὴ
730 1600 812 1683 πρὸς
825 1597 998 1681 Ὄλυμπον
1015 1599 1213 1682 πτερύγεσσι
1226 1597 1372 1680 κούφαις
1472 1623 1473 1630 “

195 1710 251 1773 διὰ
279 1709 338 1772 τὸν
356 1703 522 1792 Ἔρωτα),
548 1728 644 1789 quam
671 1727 739 1770 non
769 1705 866 1769 modo
893 1705 1009 1790 tragici
1041 1701 1095 1791 (cf.
1111 1690 1274 1787 sophin.
1295 1702 1370 1767 693.

193 1812 328 1878 Crusius
353 1814 471 1879 Uetera.
492 1835 523 1896 p.
547 1808 639 1898 145),
676 1813 731 1876 sed
763 1813 861 1875 etiam
893 1812 1008 1875 comici
1040 1811 1243 1894 excipiebant
1273 1812 1372 1892 atque
1468 1871 1471 1900 3

192 1920 307 1985 multis
331 1919 435 1983 modis
457 1919 633 1983 variabant.
680 1919 719 1982 cf.
734 1915 861 1982 Anaxil„
875 1917 912 1981 fr.
927 1917 980 2000 22,
994 1918 1047 1999 29,
1060 1915 1093 1980 II
1107 1939 1137 2000 p.
1152 1915 1275 1980 270K.:

307 2044 340 2107 cl
364 2040 393 2107 d’
421 2039 564 2125 ἐρᾶσθαι
586 2042 838 2125 προσδοκῶντες
861 2040 965 2116 εὐθύς
989 2043 1074 2105 εἰσιν
1097 2039 1245 2125 ἠρμένοι,

306 2145 361 2213 κοιλ
385 2146 526 2234 φέρονθ’
553 2147 643 2225 ὑψοῦ
667 2149 751 2233 πρὸς
774 2153 907 2232 αἴθραν.

193 2271 321 2337 Alexid.
335 2271 373 2335 fr.
388 2271 441 2350 20,
455 2269 487 2334 H
502 2294 531 2354 p.
547 2269 672 2336 305K.:

210 2384 211 2387 Ἴ
712 2396 756 2479 μὴ
779 2393 938 2488 πέτεσθαι
961 2395 1021 2459 τὸν
1043 2393 1128 2458 θεὸν

373 2501 432 2564 τὸν
444 2498 585 2586 Ἔρωτα,
609 2503 688 2577 τοὺς
712 2499 743 2563 d’
772 2498 925 2588 ἐρῶντας.

192 2623 260 2691 Dei
284 2645 353 2688 esse
377 2623 440 2688 sibi
462 2623 612 2688 videntur
635 2623 668 2707 ii,
696 2623 752 2707 qui
774 2625 915 2707 puellam
939 2627 1061 2708 amant3
1089 2623 1128 2687 cf.
1148 2644 1245 2706 supra
1260 2621 1374 2686 ¹Plaut.

193 2729 312 2795 Pseud.
327 2730 420 2794 1258.
446 2726 692 2815 Cureul.167.1)
715 2729 929 2794 Inblanditiis
944 2729 1061 2794 sutoris
1074 2729 1154 2794 haec
1168 2749 1296 2813 quoque
1310 2732 1375 2792 est:

286 2876 315 2917 v.
332 2853 412 2918 115:
434 2854 474 2917 τὰ
497 2855 580 2918 κοιλὰ
603 2853 711 2917 πάντα
733 2861 790 2938 τῇς
812 2858 953 2938 καλῇσιν
976 2853 1117 2938 ἁρμόζει.
1143 2943 1145 2949 y

193 2977 238 3042 cf.
253 2975 358 3041 Plaut.
372 2976 467 3042 Most.
485 2977 563 3041 172:

243 3100 343 3165 Phil.:
367 3099 453 3176 Quin
475 3122 526 3165 me
550 3102 658 3184 aspice
681 3104 713 3164 et
736 3100 928 3184 contempla,
951 3105 988 3164 ut
1011 3101 1090 3164 haec
1112 3122 1163 3164 me
1187 3100 1327 3164 deceant.

244 3205 383 3290 Scapha:
401 3206 530 3271 Virtute
544 3207 667 3271 formae
682 3206 715 3269 id
729 3208 844 3291 evenit,
858 3211 890 3270 te
904 3212 941 3271 ut
955 3208 1064 3271 deceat
1079 3206 1232 3290 quicquid
1244 3205 1374 3270 habeas.

215 3360 217 3365 ⁴
288 3329 436 3413 Denique
450 3329 489 3393 de
503 3352 533 3394 v.
550 3330 613 3395 123
627 3330 774 3394 rideatur
787 3327 890 3416 adul)

290 3524 315 3590 1)
336 3521 370 3575 cl.
390 3520 533 3590 exemplar
552 3521 694 3590 Sapphus:
714 3517 848 3589 φαίνεταί
866 3540 913 3589 μοι
932 3527 1018 3589 κῆνος
1037 3520 1096 3584 icoc
1113 3520 1225 3576 θέοισιν
1240 3542 1264 3575 κ.
1279 3540 1301 3575 τ.
1317 3524 1340 3575 λ.
1449 3589 1450 3592 ¹

290 3612 316 3678 2)
336 3627 359 3662 v.
377 3615 440 3663 123:
460 3609 477 3678 ἡ
497 3609 579 3678 μέζον
598 3608 685 3664 ἵππον
704 3609 775 3677 πρὸς
793 3610 888 3678 θύρην
906 3606 1072 3679 κιχλὶζονσοι.
1111 3609 1144 3662 cl.
1164 3609 1309 3664 Eustathii
1327 3626 1376 3663 ex·
1415 3598 1423 3603 “

195 3697 382 3767 plicationem
401 3699 437 3752 ad
457 3697 555 3767 Odyss.
570 3697 624 3751 Ya
639 3699 729 3767 (1880,
749 3700 806 3768 60):
825 3695 887 3752 Ἔτι
906 3696 997 3752 ἰστέον
1020 3699 1069 3752 καλ
1088 3694 1130 3751 ὅτι
1143 3698 1193 3752 τὸν
1211 3707 1377 3767 γυναικεῖον

199 3785 287 3855 μέλων
314 3786 458 3857 κιχλισμὸν
486 3785 604 3840 ἐκάλουν
627 3785 655 3839 ολ
681 3783 812 3852 παλαιοί,
840 3784 938 3848 ὁκοῖός
964 3805 1006 3848 τις
1033 3787 1082 3840 καὶ
1109 3785 1173 3854 ἄρτι
1196 3785 1211 3840 ὁ
1235 3784 1375 3850 δονλικός.

196 3874 273 3928 Sunt
287 3875 336 3942 qui
350 3877 498 3945 κιχλισμῶν
512 3874 665 3944 (Aristoph.
681 3875 746 3929 nub.
763 3878 843 3945 1073)
858 3874 965 3929 derisu
979 3874 1108 3946 intellegi
1121 3874 1218 3942 velint,
1237 3873 1272 3928 ef.
1288 3874 1378 3929 schol.
1440 3918 1445 3927 .

586 4134 987 4165 w
