2996 5088
177 1157 325 1222 Herodae
349 1157 490 1222 carmina
514 1159 696 1242 quicunque
719 1160 816 1242 paulo
844 1161 1043 1225 accuratiore
1066 1163 1268 1244 percensebit

83 1264 206 1347 studio,
230 1265 259 1328 ei
282 1285 349 1328 non
372 1263 505 1328 dubium
528 1265 597 1328 fore
620 1264 769 1348 arbitror,
793 1267 872 1349 quid
896 1267 934 1330 de
958 1267 1046 1332 illius
1070 1268 1201 1354 ingenio
1225 1270 1268 1334 sit

83 1370 304 1435 iudicandum.
350 1370 426 1435 Fuit
458 1372 543 1434 enim
575 1375 673 1454 poeta
704 1371 791 1436 haud
824 1374 1035 1457 spernendus,
1063 1376 1120 1458 qui
1146 1396 1267 1439 novum

84 1478 249 1542 excoleret
275 1479 382 1560 poesis
415 1499 516 1564 genus
551 1478 621 1561 ipsa
652 1480 838 1543 inventione
874 1484 906 1543 et
936 1502 1043 1544 rerum
1075 1483 1267 1546 tractatione

83 1587 208 1668 pariter
239 1586 373 1670 insigne.
428 1581 460 1646 A
490 1584 595 1648 forma
627 1588 736 1648 autem
767 1587 901 1650 metrica
939 1591 971 1650 et
1003 1591 1267 1673 argumentorum

83 1693 212 1756 ratione
235 1690 440 1756 mimiambos
463 1710 580 1753 111111
603 1690 739 1756 traxisse
759 1695 873 1755 notum
895 1696 952 1759 est.
988 1691 1097 1777 Atque
1116 1694 1268 1758 choliam-

83 1798 201 1861 borum
217 1798 347 1881 quidem
366 1819 535 1861 numerum
553 1798 678 1861 invenit
696 1802 729 1861 et
747 1799 889 1862 excoluit
907 1797 1082 1884 Hipponax
1095 1799 1267 1884 Ephesius,

17 1953 21 1960 .
85 1906 178 1969 cuius
206 1905 275 1988 ipse
303 1904 449 1968 Herodes
476 1905 511 1967 in
532 1904 698 1987 prooemio
726 1906 923 1970 mentionem
951 1908 1074 1990 iniecit,
1102 1908 1265 1971 mimicam

85 2015 189 2075 artem
212 2012 337 2094 primus
359 2012 461 2075 literis
484 2011 649 2075 mandavit
673 2009 832 2095 Sophron,
854 2017 951 2095 poeta
975 2011 1116 2078 Siculus:
1140 2033 1179 2077 ex
1202 2013 1266 2078 hoc

86 2116 209 2201 duplici
235 2117 326 2181 fonte
360 2116 452 2200 quasi
478 2138 596 2180 novam
621 2121 653 2180 et
681 2138 772 2181 suam
797 2118 953 2183 derivavit
985 2125 1086 2184 artem
1110 2119 1265 2184 Herodes.

30 2307 33 2313 Ι
85 2221 138 2286 Ab
170 2221 376 2306 Hipponacte
408 2245 482 2287 cum
518 2227 622 2287 metro
656 2225 753 2288 etiam
791 2226 947 2289 sermonis
990 2247 1092 2311 genus
1129 2228 1266 2310 sumpsit

84 2330 218 2414 vulgare
259 2329 300 2393 ad
341 2329 603 2394 mimiamborum
644 2329 786 2393 indolem
827 2332 1045 2416 aptissimum3
1087 2330 1265 2414 Sophronis

85 2438 202 2500 mimos
232 2440 269 2499 ut
296 2437 472 2521 ignoraret,
505 2437 539 2500 in
565 2440 656 2501 tanta
683 2437 761 2501 artis
789 2437 946 2502 affinitate
974 2439 1044 2502 fieri
1071 2439 1126 2502 vix
1148 2440 1264 2522 potuit.

86 2540 150 2606 Sed
164 2565 203 2607 ex
218 2543 383 2607 comoedia
403 2563 530 2625 quoque
550 2564 664 2627 graeca
683 2543 809 2627 aliquot
828 2543 951 2608 colores
975 2544 1014 2608 ab
1040 2566 1077 2608 eo
1101 2544 1264 2628 adsumpti

87 2652 170 2732 sunt,
194 2653 226 2712 et
249 2649 282 2712 id
302 2651 409 2733 ipsum
428 2649 523 2712 nobis
547 2648 675 2732 quidem
701 2649 918 2714 demonstrare
942 2652 977 2714 in
1000 2652 1108 2715 animo
1133 2655 1182 2715 est
1203 2651 1265 2715 hac

87 2755 365 2819 commentatione.

175 2859 220 2925 At
233 2860 389 2944 Herodes,
412 2862 488 2926 licet
510 2861 666 2926 nonnulla
689 2863 761 2926 aliis
781 2863 936 2946 debuerit,
959 2885 1017 2928 suo
1042 2864 1139 2927 simul
1161 2864 1262 2947 ipsius

85 2968 204 3051 ubique
222 2969 326 3032 utitur
344 2969 488 3054 ingenio,
511 2973 609 3052 atque
629 2970 656 3033 si
679 2969 758 3052 quid
780 2970 909 3033 aliunde
932 2969 1071 3054 petebat,
1092 2973 1160 3034 tam
1183 2971 1262 3034 scite

87 3074 290 3139 adsimulavit
309 3075 450 3159 reliquis,
473 3080 511 3139 ut
528 3098 611 3139 unus
629 3080 784 3158 tanquam
804 3077 893 3140 color
910 3076 1012 3141 totius
1036 3076 1079 3141 sit
1100 3076 1262 3159 carminis,

87 3185 142 3244 aut
176 3185 268 3245 tanta
283 3256 286 3265 Ι
304 3186 371 3244 arte
403 3181 528 3244 inflexit
559 3182 658 3245 verba
689 3181 741 3245 vel
772 3182 969 3265 immutavit,
1000 3186 1039 3245 ut
1071 3183 1261 3247 imitationis

86 3288 221 3371 vestigia
243 3286 299 3351 vix
321 3287 511 3371 pelluoeant.
548 3287 633 3352 Nam
656 3293 693 3353 ut
717 3289 861 3374 singulas
883 3310 978 3353 voces
998 3290 1155 3371 omittam,
1179 3311 1261 3371 quae

88 3396 241 3474 quantum
266 3393 395 3475 quidem
423 3393 519 3458 hodie
543 3396 661 3459 scimus
689 3417 756 3459 non
783 3396 846 3459 nisi
877 3395 963 3479 apud
986 3394 1149 3459 Herodam
1172 3417 1261 3478 repe

86 3497 256 3583 riantur¹),
280 3501 455 3565 sententias
479 3522 622 3584 quoque,
651 3501 750 3582 dicta,
773 3502 943 3585 proverbia
967 3500 1059 3584 quasi
1082 3522 1166 3565 nova
1188 3522 1260 3585 pro·

86 3605 160 3668 tulit
191 3606 244 3669 vel
274 3607 387 3689 aliquo,
417 3606 531 3670 saltem
563 3607 659 3670 modo
692 3604 855 3694 variata.²)
914 3606 960 3672 Ut
995 3611 1103 3672 autem
1140 3608 1259 3673 bonam

173 3798 199 3865 1)
219 3795 253 3849 cf.
269 3797 344 3849 mim.
360 3798 381 3865 l,
400 3802 447 3850 60:
471 3795 620 3864 ταταλίζει;
644 3799 691 3865 HI,
711 3805 758 3853 85:
782 3808 842 3869 μῦς,
868 3799 1026 3854 derivatum
1045 3815 1062 3852 a
1080 3799 1167 3854 verbo
1186 3799 1258 3869 μύως

87 3883 130 3950 IV,
144 3890 190 3937 46:
219 3881 403 3954 teipcorqov3
431 3885 478 3951 VI,
493 3890 522 3939 8:
545 3896 747 3956 πρημονῶσανς
767 3888 814 3955 VI,
830 3894 875 3941 16:
895 3889 1049 3958 νώβυστρα.
1096 3887 1168 3941 Usus
1197 3905 1259 3941 sum

69 4020 71 4025 .
89 3972 207 4026 editione
226 3972 317 4027 Orusii
335 3974 421 4028 tertia
440 3990 464 4028 a.
480 3972 568 4027 MCM.

172 4064 199 4131 2)
218 4062 294 4115 11111.
309 4062 331 4131 I,
346 4068 394 4117 32:
419 4072 550 4131 γυναῖκες
573 4061 691 4127 ὁπόσους
714 4065 748 4119 ot
767 4064 968 4135 ...1111)(111
991 4065 1113 4133 ἐνεγκεῖν
1137 4065 1259 4132 οὐρανὸς

87 4150 251 4220 κεκαύχηται
282 4150 328 4219 (cf.
357 4150 388 4205 Ο.
405 4150 518 4205 Orusius
546 4153 702 4207 Uetersucb.
730 4171 758 4223 p.
774 4156 815 4223 8),
843 4171 928 4221 quam
955 4152 1109 4223 imaginem
1135 4153 1257 4222 primum

88 4254 147 4292 1111
178 4239 214 4291 ad
251 4239 401 4292 mulierum
437 4240 642 4295 abundantiam
673 4241 854 4296 transtulisse
886 4259 939 4312 ego
971 4242 1017 4295 vix
1050 4241 1255 4310 spoponderim.

88 4325 268 4382 cf.0vid.Ars
284 4344 337 4382 am.
352 4327 374 4396 I,
389 4333 436 4381 59:
456 4332 525 4397 quot
544 4329 653 4384 caelum
672 4330 783 4397 stellas,
801 4332 846 4384 tot
859 4331 947 4385 habet
966 4333 1016 4384 tua
1029 4330 1119 4384 Roma
1137 4329 1255 4400 puellas.

88 4415 119 4469 ef.
133 4415 238 4484 mimi
254 4422 296 4485 11,
312 4422 358 4485 11;
377 4417 399 4485 1,
413 4422 461 4484 cre
479 4416 501 4484 Ι,
517 4423 563 4486 11;
582 4418 616 4483 Π,
632 4424 678 4485 11;
697 4419 938 4487 1111111111,

618 4522 621 4529 .
989 4507 1024 4559 1*
