2996 5088
67 323 273 392 Mim.1v.v.
292 328 397 391 εει,
572 363 611 373 ..
658 324 700 390 35
750 363 788 373 ..

173 503 339 588 Perpauca
351 525 391 566 ex
400 503 516 568 atticae
525 502 708 567 comoediae
722 502 912 588 fragmentis
922 504 1101 586 comparari
1110 507 1259 590 possunt3

72 611 121 675 ad
137 633 170 674 v.
186 610 243 674 25:

931 716 1007 780 ἵλεω
1050 721 1084 780 εἴ

243 820 300 886 καὶ
323 819 427 886 τοῖσδ’
455 820 473 885 ὁ
498 819 616 885 Πιιιὼν
639 819 695 885 καὶ
717 821 831 907 Edeta
853 827 965 886 καλῶν
988 740 1100 905 ἒρῗνοιά

76 968 161 1047 apte
184 961 355 1045 adscripsit
379 959 513 1026 drusius
531 958 708 1044 Antiphan.
725 962 764 1026 fr.
786 960 859 1045 163,
881 960 913 1025 Π
931 984 962 1046 p.
983 961 1023 1024 77
1043 961 1097 1026 K:

291 1086 398 1173 τούτῳ
422 1084 470 1169 de',
492 1084 621 1169 τέκνον,
644 1087 752 1150 πολλὰ
774 1083 897 1168 κάγάθ’
924 1085 960 1149 οἱ
979 1083 1056 1150 θεοὶ

290 1199 336 1277 τῷ
357 1190 550 1277 δημιουργῷ
574 1191 677 1275 δοῖεν,
701 1190 738 1267 ὃς
760 1189 897 1273 ἐποίησέ
918 1207 963 1255 σε.
971 1188 995 1274 ¹)

176 1330 324 1396 Adiciam
355 1332 466 1397 laudes
494 1333 534 1397 ab
563 1331 675 1397 ecdem
708 1332 832 1398 comico
861 1329 913 1417 (fr.
928 1330 1004 1415 209,
1021 1330 1053 1396 Π
1071 1353 1102 1415 p.
1118 1331 1181 1395 102
1205 1328 1260 1417 Κ.)

77 1437 263 1504 Philoxeno
287 1441 402 1520 poetae
426 1438 578 1503 tributas:

246 1563 334 1626 πολύ
357 1560 389 1647 μ’
415 1561 485 1628 ἐστὶ
507 1563 642 1628 πάντων
664 1574 733 1627 τῶν
755 1571 904 1644 ποιητῶν
927 1561 1091 1646 διάφορος

247 1666 264 1732 ὁ
290 1666 470 1746 Φιλόξενος
494 1718 501 1732 .
525 1718 532 1733 .
556 1718 565 1734 .
587 1669 668 1744 θεὸς
691 1667 728 1733 ἐν
751 1666 984 1753 ἀνθρώποισιν
1006 1661 1048 1749 ἦν

245 1771 382 1858 ἐκεῖνος,
405 1775 503 1851 εἰδὼς
525 1776 587 1858 τὴν
609 1774 744 1859 άληθῶς
767 1776 931 1858 μουσικήν
952 1797 982 1838 κ.
1001 1796 1027 1837 τ.
1047 1778 1075 1838 λ.

81 1915 129 1980 Et
152 1915 206 1980 hic
229 1914 315 1978 enim
338 1916 379 1979 ad
402 1915 478 1979 deos
502 1915 633 1979 effertur
656 1915 697 1978 cb
721 1914 799 1979 artis
823 1914 1061 1997 praestantiam.

174 2020 357 2086 Immiscnit
371 2024 467 2103 poeta
475 2020 552 2083 huic
575 2020 710 2084 carmini
723 2024 760 2084 ut
775 2020 888 2084 ceteris
902 2020 969 2085 fere
983 2020 1133 2084 omnibus
1155 2019 1261 2105 iurgia

82 2132 118 2192 et
141 2127 288 2193 convicia
315 2148 352 2191 eo
376 2126 512 2190 fortasse
540 2125 690 2209 consilio,
716 2129 754 2189 ut
780 2129 971 2210 argumento
1004 2126 1130 2190 actione
1161 2125 1259 2190 nimis

82 2233 207 2298 carenti
230 2234 304 2316 plus
328 2232 452 2296 inderet
475 2232 658 2296 alacritatis.

601 2565 691 2631 Mim.
711 2566 750 2630 V.

175 2706 228 2772 Ad
251 2708 402 2791 quintum
425 2729 553 2773 carmen
575 2707 658 2772 nihil
679 2707 793 2792 habeo,
819 2708 906 2791 quod
928 2709 963 2771 in
985 2709 1175 2773 universum
1193 2729 1262 2773 mo-

85 2837 191 2899 neam3
214 2814 293 2879 talia
316 2815 402 2879 enim
425 2819 624 2900 argumenta,
642 2814 737 2898 quale
758 2813 856 2878 huius
880 2817 938 2899 est,
960 2837 979 2878 a
1002 2814 1144 2898 comicis,
1162 2836 1261 2898 quan-

86 2926 157 2986 tum
179 2922 256 3004 scio,
278 2924 415 3023 trecteta
437 2943 504 2985 non
527 2925 621 2986 sunt.
657 2919 806 3006 Agedum
831 2921 959 3006 singula
981 2941 1211 3005 percurramus.

177 3066 205 3108 v.
225 3044 260 3109 2:
296 3055 404 3109 κινεῖν
427 3043 482 3130 (τά
505 3042 618 3130 σκέλη)

88 3186 223 3251 obscena
255 3186 491 3271 significatione
519 3186 646 3269 saepius
674 3185 760 3270 apud
788 3187 927 3250 comicos
955 3191 1143 3270 usurpatur,
1171 3184 1261 3260 velut

87 3293 121 3356 in
143 3289 522 3374 Aristoph.nub.1371z

859 3381 904 3457 ὡς
926 3379 1027 3446 ἐκίνει

322 3484 469 3569 ἀδελφὸς
566 3486 627 3567 τὴν
650 3484 855 3570 ὁμομητρίαν
878 3483 1036 3569 ἀδελφήν.

174 3649 203 3689 v.
218 3624 252 3690 5:
276 3625 460 3710 προφάσεις
482 3635 593 3690 πᾶσαν
615 3624 741 3710 ἡμέρην
764 3624 871 3702 ἕλκεις

90 3764 310 3850 cf.A1ist0ph.
328 3765 402 3849 Lys.
425 3767 502 3832 726:

388 3890 495 3966 πάσας
517 3890 703 3975 προφάσεις
801 3888 969 3973 ἕλκουσιν,

92 4032 144 4096 ubi
165 4034 202 4096 ut
224 4032 311 4115 apud
334 4030 497 4096 Herodem
519 4031 558 4095 de
581 4029 769 4095 mulieribus
792 4030 917 4093 dicitur.

174 4178 204 4219 v.
225 4157 257 4220 7:
280 4153 335 4219 καὶ
359 4156 403 4239 μὴ
426 4158 463 4219 τό
486 4179 549 4239 μεν
573 4145 653 4240 αἷμα
675 4155 779 4220 νύκτα
801 4152 948 4238 κήμέρην
970 4165 1046 4219 πῖνε

176 4419 202 4486 1)
221 4417 256 4470 ef.
272 4416 353 4486 Prop.
368 4421 394 4483 4,
409 4423 433 4485 a,
449 4422 492 4470 οι,

993 4478 1058 4555 ε*’
