2996 5088
59 361 153 414 Mim.
165 361 196 426 1,
215 362 247 414 Π.
548 404 591 411 -
640 367 680 429 19
726 403 770 411 ,-

59 542 256 605 comoediae
279 546 384 625 poeta,
413 565 505 625 saepe
528 543 642 608 comici
665 543 830 607 notabant.
867 542 1037 626 Inprimis
1056 549 1164 608 autem
1183 543 1248 609 An-
1311 600 1313 603 ,

59 648 238 731 tiphanem
270 652 303 712 et
336 648 501 713 Eubulum
534 651 684 713 mulieres
721 649 862 713 ebriosas
898 650 1062 714 induxisse
1094 652 1249 734 reliquiae

61 754 198 837 docent,
221 755 310 819 velut
328 756 414 838 apud
428 753 649 838 Antiphanem
667 757 775 819 nescio
795 777 877 838 quae
896 756 1013 840 prodit,
1037 777 1118 838 quae
1137 758 1248 821 vinum

61 860 131 924 sibi
155 865 244 925 recta
266 862 391 925 ratione
414 859 573 947 misceri¹)
597 862 765 946 permagni
793 861 917 946 pendit3
946 863 1032 944 apud
1055 863 1191 927 eundem
1215 865 1250 927 in

60 966 210 1049 Mystide
238 963 289 1053 (fr.
310 965 388 1053 163)
416 969 532 1032 mulier
558 969 669 1032 laudat
696 968 733 1031 τὸ
761 969 866 1051 ὄχημα
898 967 955 1049 τῆς
987 969 1122 1044 κύλικος
1154 968 1248 1046 ἄξιον

61 1082 128 1136 τοῦ
163 1072 280 1149 κλέους
311 1083 372 1138 τοῦ
403 1083 461 1157 τῆς
493 1071 650 1159 touched)
705 1074 826 1137 Diebus
854 1074 945 1137 festis
977 1074 1128 1138 mulieres
1152 1076 1249 1138 etiam

62 1183 139 1242 tum
173 1181 407 1245 conveniebant
437 1184 469 1245 et
498 1181 594 1264 genio
622 1181 734 1243 vinum
764 1183 914 1263 potantes
943 1180 1163 1264 indulgebant.
1209 1182 1249 1245 cf.

64 1287 168 1349 etiam
192 1287 230 1349 fr.
247 1286 320 1369 165,
334 1284 367 1349 H
381 1309 411 1369 p.
427 1285 514 1349 78K.
1071 1281 1072 1284 ¹

159 1389 250 1455 Idem
273 1414 367 1469 vero
404 1393 520 1456 vitium
557 1392 697 1455 maxime
728 1377 810 1456 lenis
842 1392 1004 1456 tribuitur.
1062 1391 1131 1456 Iam
1164 1393 1250 1476 apud

64 1496 236 1561 Eubulum
267 1496 318 1585 (fr.
343 1495 490 1583 80-82)
522 1499 633 1562 nutrix
666 1500 805 1563 occurrit
837 1498 963 1580 vinosa,
996 1520 1077 1581 quae
1109 1500 1249 1582 turpiter

64 1604 214 1667 officium
234 1604 359 1668 deserit.
405 1603 491 1668 Huic
514 1625 604 1688 erg0,
627 1609 664 1667 ut
687 1607 918 1689 κορυοβοσκόυ
940 1609 1040 1688 utque
1064 1595 1183 1669 σκυτέα
1202 1605 1249 1668 in·

64 1710 170 1792 duxit,
193 1711 300 1774 nescio
324 1733 365 1774 an
387 1733 429 1774 ne
452 1711 677 1774 conciliatricis
701 1711 830 1794 quidem
853 1732 990 1795 persona
1013 1711 1117 1774 aliena
1139 1710 1247 1774 fuerit.

64 1815 179 1880 Etiam
199 1818 346 1901 elegiacis
370 1821 448 1880 nota
471 1821 520 1880 est
537 1818 682 1880 lenarum
706 1816 885 1899 ebriositas,
908 1817 947 1879 de
966 1837 1030 1899 qua
1048 1838 1082 1879 re
1100 1815 1248 1881 videatur

66 1920 203 1986 Crusius
228 1923 345 1989 Uaters.
364 1946 394 2006 p.
410 1924 461 1987 26.

579 2222 676 2286 Mim.
695 2220 736 2286 ΙΙ.

157 2381 226 2447 Iam
244 2384 284 2447 ad
308 2385 444 2447 alterum
463 2383 651 2447 accedamus
674 2382 906 2464 mimiambum,
931 2403 994 2465 quo
1017 2383 1090 2446 leno
1114 2403 1243 2446 causam

68 2488 176 2552 dicens
200 2490 371 2553 inducitur.

157 2592 266 2678 Atque
283 2595 358 2658 inde
377 2595 417 2658 ab
437 2593 655 2678 Aristophane
674 2595 798 2658 comico
817 2595 965 2657 insanum
989 2595 1070 2657 illud
1093 2594 1245 2677 studium,

68 2721 132 2783 quo
147 2721 257 2764 causas
273 2705 305 2763 et
318 2702 392 2764 lites
406 2698 618 2763 Athenienses
641 2700 855 2782 sectabantur,
879 2721 973 2783 saepe
991 2722 1011 2763 a
1029 2701 1160 2764 comicis
1173 2702 1244 2764 irri-

68 2829 139 2869 sum
153 2811 209 2870 est.
232 2805 329 2870 Aliud
342 2808 514 2869 mimorum
530 2808 679 2889 scriptori
689 2806 918 2870 obversabatur
928 2806 1107 2870 consilium.
1131 2803 1245 2889 Nuper

68 2916 175 2975 autem
190 2909 226 2974 Ο.
240 2911 390 2994 Hensius,
413 2934 487 2976 cum
502 2910 727 2997 Ὺκερείδειου
744 2921 932 2996 χαρακτῆρα
951 2910 1131 2996 Herzogius
1150 2912 1243 2976 alteri

69 3019 201 3082 carmini
210 3019 412 3100 vindicasset,
427 3019 581 3102 exemplis
595 3019 701 3082 allatis
717 3018 948 3081 demonstravit
961 3039 1028 3090 non
1041 3021 1108 3081 tam
1118 3015 1244 3100 Hyper·

69 3123 152 3187 idem
171 3145 268 3206 quam
286 3125 473 3188 universum
487 3125 654 3187 rhetorum
673 3123 799 3188 dicendi
818 3145 919 3208 genus
937 3123 1059 3186 imitari
1082 3122 1243 3186 studuisse

69 3227 270 3316 Herodam.⁸)
321 3228 409 3305 Quae
441 3231 503 3293 viri
535 3229 622 3293 docti
654 3230 812 3293 sententia
836 3230 957 3313 optime
990 3229 1141 3293 convenit
1168 3250 1241 3292 cum

70 3356 105 3397 ea
131 3336 275 3419 notione,
303 3357 400 3419 quam
428 3337 467 3400 de
494 3336 625 3420 ingenio
655 3339 687 3399 et
709 3334 816 3399 indole
839 3333 987 3398 Herodae
1010 3336 1073 3419 ipsi
1097 3335 1242 3417 concepi-

70 3462 151 3522 mus3
177 3462 343 3522 nunquam
371 3442 455 3504 enim
483 3443 537 3505 hic
564 3443 659 3504 unius
683 3442 818 3525 vestigia
841 3442 971 3524 pressit,
998 3442 1097 3504 immo
1122 3441 1242 3522 ubique

69 3546 246 3629 prudenter,
270 3568 351 3629 quae
374 3546 436 3610 sibi
459 3548 675 3629 convenirent,
698 3548 803 3631 elegit.
849 3546 949 3610 Recte
973 3551 1080 3609 autem
1098 3545 1241 3610 Hensius

71 3650 161 3714 simul
180 3652 349 3736 significat,
373 3674 437 3736 quo
457 3652 593 3717 consilio
612 3653 785 3715 mimorum
810 3653 948 3735 scriptor
969 3653 1059 3717 locos
1083 3652 1240 3735 quosdam

155 3846 181 3912 l)
199 3843 316 3911 Antiph.
331 3842 364 3896 fr.
381 3849 424 3911 24,
437 3844 463 3895 ll
476 3862 504 3913 p.
521 3844 606 3898 19K.:
626 3841 690 3897 οὐδ’
711 3843 814 3911 ὑδαρὲς
833 3839 896 3897 οὐδ’
918 3843 1050 3910 ἄκρατον.

154 3933 179 4000 2)
197 3930 263 3984 Her.
277 3948 301 3983 v.
317 3936 351 3984 83
370 3932 411 3985 sic
428 3931 554 3985 restituit
574 3931 698 3985 Crusius:
719 3933 752 3985 οὐ
772 3975 777 3985 .
795 3975 800 3984 .
817 3973 822 3984 .
841 3927 978 3985 πείσουσαί
997 3927 1024 3983 α’
1045 3922 1150 3998 ἦλθον,
1170 3929 1240 3983 otiu

72 4017 142 4088 ἕκητι
157 4027 213 4073 τῶν
232 4018 307 4086 ἱρῶν.

154 4111 180 4176 3)
199 4108 233 4161 cf.
249 4107 320 4162 Mus.
335 4108 425 4162 Rhea.
439 4107 519 4177 LVp.
527 4113 590 4161 231:
610 4108 686 4161 Aber
699 4124 765 4161 man
778 4108 850 4161 vvird
868 4124 919 4160 aus
938 4107 1053 4161 solchen
1066 4106 1237 4175 Ankl‘angen

71 4195 134 4264 (scil.
149 4212 184 4249 an
198 4197 244 4250 die
260 4195 466 4266 Gerichtsrede)
486 4197 558 4251 auch
576 4196 657 4249 nicht
675 4213 709 4248 au
727 4195 785 4249 viel
802 4195 913 4265 folgern
927 4195 1027 4249 diirfen
1047 4227 1089 4261 -,
1109 4197 1138 4247 et
1151 4194 1238 4262 paulo

71 4283 149 4337 infra:
172 4284 249 4338 Alles
272 4286 303 4337 in
326 4284 411 4338 allam
428 4285 499 4338 vvird
517 4301 584 4338 man
602 4301 690 4353 sagen
709 4284 823 4351 duilon,
847 4284 896 4336 der
915 4284 1032 4337 Dichter
1050 4282 1118 4335 ltsst
1141 4282 1257 4335 seinen

71 4372 192 4426 Battaros
215 4373 298 4426 einen
320 4371 454 4442 Anklang
477 4373 569 4442 geben
592 4372 672 4426 nieht
696 4372 802 4426 sowohl
821 4389 857 4426 an
875 4372 1050 4441 Hypereides
1074 4370 1115 4424 als
1135 4386 1171 4422 an
1191 4370 1238 4424 die

72 4461 182 4514 attische
201 4459 397 4514 (ierichtsrede
414 4460 581 4530 tiberhaupt.

970 4547 1004 4599 2*
