2996 5088
64 338 157 392 Mim.
169 338 192 405 Ι,
203 343 246 406 or,
258 344 299 407 71,
316 344 357 391 νε,
569 379 606 388 ..
657 342 696 405 17
748 380 784 387 -

66 518 219 582 Philam.
246 517 324 583 Non
346 540 448 601 spero.
486 517 535 582 Se.
558 516 725 602 Insperata
748 519 897 584 accidunt
916 520 1020 605 magis
1044 522 1146 603 saepe‘
1161 542 1258 604 quam

939 646 1021 707 quae
1044 648 1160 709 speres.

72 730 163 794 216:

125 835 180 900 So.
204 834 249 901 At
271 836 334 901 hoo
356 859 457 900 unum
479 838 578 901 facito
603 838 739 922 cogites:
764 838 791 901 si
813 836 906 900 illum
930 837 1098 901 inservibis
1123 840 1237 920 solum,

123 942 216 1007 Dum
239 943 299 1007 tibi
322 964 408 1007 nuno
431 943 511 1007 haee
534 944 707 1007 aetatulast
739 943 775 1006 in
797 946 924 1007 senecta
946 944 1031 1006 male
1054 942 1226 1026 quarere.¹)

74 1084 189 1161 Quam
221 1084 335 1148 similis
359 1086 401 1148 sit
424 1083 572 1148 Herodae
595 1085 649 1149 hio
680 1088 769 1149 totus
792 1084 897 1166 loeus,
920 1085 1118 1168 comparatio
1142 1086 1261 1149 utrius-

77 1213 147 1273 que
173 1191 276 1254 docet.

174 1296 232 1362 Nil
255 1297 323 1382 agit
346 1293 463 1379 Gyllis,
490 1319 599 1361 severe
626 1297 713 1360 illius
741 1296 970 1380 procaeitatem
993 1302 1026 1361 et
1048 1299 1260 1380 petulantiam

77 1424 240 1488 generosa
263 1404 379 1466 mulier
401 1403 521 1466 refutat
543 1403 649 1467 verbis
672 1402 737 1466 his:
826 1414 832 1421 '

291 1529 406 1609 Γυλλί,
429 1528 469 1589 τὰ
493 1529 593 1590 λευκὰ
617 1537 684 1591 τῶν
707 1536 829 1610 τριχῶν
852 1525 1060 1610 ἀπαμβλύνει

290 1633 349 1696 τὸν
371 1642 464 1696 νοῦν.

80 1771 173 1836 Huio
194 1774 353 1856 loquelae,
376 1796 457 1857 quae
479 1773 660 1838 illustratur
678 1772 844 1857 Aristoph.
860 1775 958 1856 equit.
975 1774 1073 1837 1121:
1096 1783 1178 1851 νοῦς
1200 1775 1263 1839 οὐκ

82 1880 134 1943 ἔνι
160 1888 231 1954 ταῖς
253 1881 369 1962 κόμαις
395 1880 504 1963 ὑμῶν,
533 1881 654 1944 similes
677 1880 763 1965 apud
787 1880 926 1944 oomioos
948 1881 1153 1963 reperiuntur
1175 1880 1262 1944 haud

82 2004 214 2067 paucae.
270 1984 323 2048 Sic
355 1986 441 2068 apud
472 1984 695 2050 Philemonem
729 1983 881 2071 (inefab.
896 1986 934 2049 fr.
951 1985 1024 2069 179,
1042 1984 1120 2070 Hp.
1135 1984 1262 2071 528Κ.)

83 2090 193 2154 neseio
218 2091 290 2172 quis
314 2112 421 2155 senem
444 2092 638 2155 iuvenilibus
657 2092 800 2154 moribus
820 2091 1042 2175 indulgentem
1061 2090 1261 2156 dehortatur:

299 2213 408 2298 γέρων
430 2217 607 2296 γενόμενος
629 2214 673 2298 μὴ
697 2217 813 2300 φρόνει
839 2216 993 2299 νεώτερα,

300 2318 376 2403 μηδ’
404 2322 451 2396 εἰς
473 2322 603 2396 ὄνειδος
625 2320 699 2384 ἕλκε
722 2321 784 2403 τὴν
806 2321 932 2403 σεμνὴν
953 2322 1083 2384 πολιᾶν.

86 2459 126 2525 In
144 2460 351 2545 Mostellaria,
375 2484 455 2545 quae
475 2463 515 2526 ad
538 2462 680 2526 eiusdem
703 2468 817 2545 poetae
838 2463 957 2545 Φάσμα
975 2463 1121 2544 refertur,
1143 2461 1262 2526 Tranio

88 2568 127 2632 de
150 2589 223 2631 sene
246 2569 411 2650 insipienti
433 2568 513 2632 haee
535 2569 614 2633 dicit
636 2591 665 2631 v,
682 2568 780 2631 1148:

202 2690 319 2774 Sapere
342 2692 424 2755 istae
446 2695 550 2754 aetate
574 2694 712 2774 oportet,
736 2693 791 2773 qui
815 2693 858 2755 sis
882 2692 987 2774 eapite
1011 2692 1155 2756 candido.

89 2831 180 2896 Adde
193 2832 336 2896 Trinum.
352 2830 516 2920 (Philam.)
530 2832 588 2917 433
611 2832 677 2897 Mil.
693 2834 734 2917 gl.
750 2832 828 2897 631:

136 2955 169 3019 Si
192 2957 394 3039 albicapillus
416 2957 471 3021 hio
493 2957 629 3039 videtur,
652 2979 692 3021 ne
716 2958 863 3040 utiquam
886 2957 926 3020 ab
950 2957 1112 3043 ingeniost
1136 2978 1240 3019 senex.

92 3097 235 3181 Denique
267 3100 405 3163 eontulit
436 3099 501 3162 iam
534 3097 666 3163 Orosius
688 3097 857 3162 Menandri
885 3098 968 3162 illud
994 3099 1054 3163 ine.
1073 3098 1111 3162 fr.
1127 3099 1200 3180 639,
1215 3096 1264 3161 ΠΙ

93 3227 122 3286 p.
138 3203 256 3267 190K.:

293 3311 354 3394 οὐχ
378 3312 412 3375 αἱ
437 3313 542 3396 τρίχες
565 3321 723 3376 ποιοῦσιν
745 3313 780 3375 οἱ
804 3309 918 3375 λευκαὶ
941 3321 1090 3396 φρονεῖν.

95 3450 132 3513 of.
150 3450 254 3533 adesp.
273 3452 311 3514 fr.
331 3453 406 3534 226,
420 3451 469 3515 ΠΙ
483 3476 513 3535 p.
528 3451 639 3516 451K.
768 3457 771 3465 '

177 3554 285 3641 Negat
312 3557 469 3622 Metrioha
501 3563 568 3621 tam
598 3579 701 3640 aequo
732 3558 839 3622 animo
869 3580 937 3621 sese
967 3558 1007 3621 ab
1038 3557 1101 3621 alia
1130 3558 1264 3621 muliere

96 3667 291 3745 accepturam
314 3664 413 3728 fuisse
436 3665 545 3747 turpia
567 3665 630 3728 ista
653 3664 800 3728 consilia:

250 3788 360 3870 χωλὴν
383 3786 412 3852 δ’
432 3788 557 3854 ἀείδειν
580 3785 714 3875 χωλῶν)
738 3787 953 3865 ἐξεπαίδευσν

248 3891 304 3957 καὶ
328 3903 383 3977 τῆς
406 3896 515 3978 θύρης
537 3897 597 3959 τὸν
620 3896 724 3959 οὐδὸν
747 3893 872 3978 ἐχθρὸν
894 3895 1059 3977 ἡγεῖσθαι.

180 4033 280 4099 Ianua
298 4040 453 4118 tanquam
468 4037 510 4101 sit
525 4036 670 4100 animans
689 4039 775 4119 apud
794 4037 934 4101 oomieos
953 4037 1050 4100 modo
1070 4038 1265 4116 oooentatur,

181 4264 205 4330 1)
224 4261 319 4333 μέμψῃ
343 4271 444 4333 σεαυτῇ
464 4265 578 4333 sorip‘sit
597 4263 710 4318 Orosius
729 4283 757 4321 v.
771 4272 819 4331 44,
843 4281 916 4332 quae
940 4265 1100 4318 coniectura
1119 4264 1148 4315 et
1165 4278 1217 4331 par
1235 4277 1264 4314 se

101 4350 238 4417 aptissima
256 4354 300 4406 ost
318 4351 486 4419 oollatisque
505 4353 632 4421 Scaphae
651 4354 743 4408 verbis
763 4353 933 4408 ‘insensata
951 4353 1025 4405 male
1044 4352 1170 4419 querero'
1191 4368 1266 4405 com·

101 4439 247 4492 mandatur.

1035 4535 1050 4580 2
