2996 5088
55 327 147 381 Mim.
159 326 181 393 Ι,
201 332 245 394 40,
264 332 297 380 47
307 344 348 395 sq.
555 366 599 373 -
648 329 688 391 13
734 366 778 373 -

233 507 342 591 ὥσπερ
366 507 429 591 γὰρ
453 507 573 581 ἄκατος
596 506 676 570 οὐδὲ
699 505 819 590 μικρὸν
841 508 993 570 πείθεται

233 611 282 701 ἑνὶ
305 614 466 699 πηδαλίῳ,
490 612 526 675 τὸ
550 609 660 695 πεῖσμ’
688 610 900 697 ἀπορρήξασα
923 612 960 676 δὲ

233 718 270 784 ἐκ
292 719 413 794 νυκτὸς
436 717 551 802 ἕτερον
575 715 678 799 λιμέν’
706 715 815 802 ἔχουσ’
844 716 1012 802 ἐξευρέθη.
1050 796 1054 802 ἢ

59 844 173 927 Lena,
202 865 283 926 quae
307 848 356 906 est
379 843 414 905 in
436 841 545 906 Plauti
569 840 732 924 Asinaria,
756 843 827 926 ipsa
850 864 979 926 quoque
1003 842 1250 926 enavigatione

60 951 155 1033 petit
179 950 406 1014 similitudines
430 971 459 1012 v.
477 947 554 1012 157:

112 1055 266 1140 Remigio
290 1056 427 1139 veloque
451 1059 608 1139 quantum
631 1056 753 1138 poteris
776 1054 894 1118 festina
917 1059 949 1117 et
972 1055 1062 1140 fuge:

113 1162 222 1239 Quam
232 1162 336 1248 magis
345 1166 378 1226 te
387 1162 422 1226 in
431 1161 533 1225 altum
544 1161 693 1244 capessis,
702 1166 770 1225 tam
780 1166 886 1225 aestus
900 1165 933 1225 te
943 1160 977 1225 in
986 1164 1117 1244 portum
1132 1162 1253 1231 referit.

161 1285 238 1349 Her.
253 1287 340 1349 mim.
355 1308 384 1349 v.
398 1285 456 1348 40:

688 1392 806 1476 χὶλαρὴ
830 1393 1014 1475 κατάστηθι

311 1499 427 1582 ἱλαρὸν
449 1495 548 1583 πρ)ὸς
570 1499 673 1562 ἄλλον
682 1495 706 1582 1)

68 1624 109 1687 cf.
125 1623 231 1687 Plaut.
247 1622 362 1686 Bacch.
379 1622 435 1685 81:

68 1747 172 1832 Apud
181 1768 232 1810 me
243 1745 300 1835 (sc.
307 1743 501 1833 accumbas),
511 1747 557 1809 mi
566 1746 680 1830 anime,
690 1750 727 1809 ut
735 1745 863 1829 lepidus
874 1766 947 1810 cum
956 1746 1064 1830 lepida
1074 1746 1251 1810 accumbat

163 1871 284 1935 Lanam
306 1872 342 1934 in
358 1871 475 1934 lacuna
498 1892 526 1933 v.
545 1869 589 1933 43
613 1873 750 1934 mortem
769 1891 897 1954 quoque
921 1885 1115 1935 memorasse
1142 1870 1251 1933 verisi-

70 1979 150 2042 mile
173 1982 235 2061 est3
264 1976 366 2059 ἡδέως
394 1980 500 2060 ζήσεις
522 1978 574 2040 vel
602 1976 707 2041 simile
731 1976 809 2060 quid
837 1981 906 2041 erat
928 1978 964 2040 in
985 1999 1014 2040 v.
1029 1975 1085 2059 643
1114 1978 1252 2051 ἄστατος

72 2086 137 2169 γὰρ
167 2083 290 2167 ἡμείων
323 2081 408 2168 (god)
431 2105 460 2146 v.
479 2083 536 2166 463
565 2103 628 2165 quo
658 2103 731 2146 eum
759 2104 867 2166 versu,
894 2087 931 2162 ut
954 2104 1054 2146 unum
1078 2104 1118 2145 ex
1140 2083 1251 2147 multis

72 2190 205 2254 afferam
229 2189 395 2272 exemplis,
418 2190 457 2252 cf.
472 2188 594 2273 Diphil.
608 2189 647 2254 fr.
664 2189 737 2272 118,
750 2186 784 2252 Π
801 2211 832 2273 p.
847 2187 959 2256 516Κ.

334 2296 553 2379 εὐμετάβολός
576 2293 668 2359 ἐστιν
691 2295 882 2380 ἀνθρώπων
904 2297 985 2378 βίος.

165 2418 319 2484 Senectus
338 2423 370 2482 et
389 2442 485 2502 mors,
508 2420 675 2503 quierant
696 2419 761 2483 loci
784 2418 875 2503 poesi
898 2439 1030 2503 graecae
1048 2418 1253 2502 frequentati,

77 2526 215 2591 orationi
234 2527 439 2624 meretricum
457 2546 524 2589 non
538 2525 669 2589 deerant
683 2526 718 2589 in
732 2525 916 2589 comoediis.
962 2526 1001 2589 ef.
1016 2524 1122 2589 Plaut.
1136 2524 1252 2591 Bacch

79 2633 174 2717 1193,
196 2633 254 2696 ubi
277 2632 430 2696 meretrix
454 2654 561 2696 senem
585 2633 633 2696 sic
656 2632 797 2696 allectat:

557 2755 634 2820 Non
657 2756 717 2819 tibi
740 2756 887 2819 venitin
909 2760 1060 2839 mentem,
1083 2756 1209 2840 amabo,

124 2861 158 2927 Si
181 2864 256 2927 dum
279 2863 369 2927 vivas
392 2863 452 2926 tibi
474 2863 555 2926 bene
578 2863 686 2944 facias,
709 2866 776 2925 tam
800 2863 856 2947 pol
875 2862 908 2925 id
927 2864 1056 2945 quidem
1079 2884 1148 2927 esse
1166 2863 1253 2926 haud

497 3046 500 3051 ἱ
717 2969 998 3053 perlonginqu0m‚
1054 3011 1056 3014 <

123 3074 235 3158 Neque
263 3076 291 3139 si
317 3077 380 3139 hoc
407 3075 503 3138 hodie
531 3075 689 3157 amiseris,
717 3078 792 3157 post
815 3076 850 3138 in
872 3058 976 3139 morte
1003 3076 1036 3139 id
1064 3080 1252 3139 euenturum

718 3203 787 3244 esse
810 3182 985 3265 umquam?

167 3321 309 3386 Tandem
328 3345 357 3386 v.
371 3322 413 3385 47
439 3344 496 3386 cur
519 3323 643 3387 venerit
670 3323 794 3407 aperire
822 3328 928 3406 parat,
955 3328 1128 3406 postquam
1151 3328 1254 3408 caute,

83 3451 156 3492 num
180 3430 251 3512 quis
275 3428 474 3492 auscultator
497 3430 629 3511 adesset,
653 3430 878 3513 interrogavit:
1224 3427 1228 3434 “

541 3534 624 3598 ἀλλὰ
647 3537 764 3618 μήτις
787 3534 901 3618 ἕστηκε
953 3609 956 3613 ,

239 3642 403 3723 σύνεγγυς
425 3640 518 3725 duim
541 3644 588 3704 M.
612 3641 692 3704 οὐδὲ
715 3632 803 3727 εἴη’)

86 3763 163 3828 Dein
185 3764 375 3850 ambagibus
399 3765 505 3829 missis
528 3765 635 3850 pergit
658 3764 773 3848 Gyllis:

405 3931 409 3936 .
641 3880 643 3883 ’
721 3872 867 3936 ἄκουσον
890 3873 931 3953 δὴ

239 3976 259 4039 ἅ
284 3993 337 4042 σοι
359 3974 522 4061 χρεῖζουὸ
551 3971 607 4041 ὧδ’
636 3974 717 4061 ἔβην
740 3977 945 4060 ἀπαγγεῖλαι.

171 4172 195 4238 1)
215 4165 299 4237 φίλον
317 4168 388 4236 πρὸς
407 4169 491 4223 ἄλλον
509 4169 675 4235 Buecheler3
695 4170 809 4236 ἀνδρῶν
826 4170 897 4238 πρὸς
915 4171 999 4225 ἄλλον
1018 4170 1145 4226 Rutherf.

170 4260 195 4325 2)
215 4256 305 4321 Quam
324 4273 409 4326 saepe
426 4257 498 4311 talia
517 4259 697 4313 inveniantur
711 4259 788 4328 apud
802 4261 953 4325 scaenicos,
972 4260 1021 4313 vix
1039 4263 1082 4315 est
1100 4260 1176 4327 quod
1194 4278 1253 4314 ma

91 4362 171 4400 neam.
204 4345 238 4399 ef.
254 4346 346 4401 Plaut.
361 4345 437 4399 Trin.
453 4351 500 4399 69:
519 4346 573 4401 Me.
597 4347 737 4415 Numquis
756 4350 799 4401 est
816 4348 864 4401 hie
883 4349 956 4401 alius
974 4350 1088 4417 praeter
1105 4364 1150 4402 me
1169 4351 1254 4417 atque

91 4437 131 4489 ta?
156 4433 199 4488 Ca.
223 4435 348 4489 Nemcst.
385 4435 505 4489 Mostell.
520 4441 581 4489 472.
