2996 5088
74 304 161 358 mim.
172 304 207 372 ΙΙ,
228 312 269 373 11,
286 311 318 359 16
327 323 366 373 sq.
573 346 616 354 -
661 308 704 372 23
753 346 791 356 ..

75 483 135 549 Ad
165 486 307 550 eiusdem
337 484 506 549 Menandri
534 488 683 549 Πλοκιον
712 485 796 549 redit
823 486 877 549 hio
904 507 1014 549 versus
1038 484 1157 555 Caecili
1180 485 1264 551 Stati

80 593 148 654 177
167 589 233 654 R.³:

270 715 369 779 Vives
392 719 429 779 ut
453 717 566 799 possis,
590 715 718 798 quando
742 738 801 780 nee
824 717 896 798 quis
920 722 957 780 ut
979 718 1068 779 velis.

176 879 205 920 v.
223 860 277 920 11:
790 857 854 935 πὺξ
878 860 1051 940 νενίκηκεν

292 962 438 1047 Manuos,
456 961 660 1047 Ἀριστοφῶν
683 964 721 1027 δὲ
743 960 872 1050 altorff)
897 973 962 1028 νῦν
985 966 1086 1047 ἄγχει.

84 1104 216 1189 Pugnis
258 1105 380 1169 scilieet
422 1105 534 1169 vicisse
571 1104 703 1191 Mennes
740 1105 871 1189 dieitur,
908 1107 984 1188 quia
1024 1105 1154 1189 Thales,
1196 1108 1264 1170 eius

80 1212 200 1294 eliens,
233 1212 352 1296 pugnis
384 1211 552 1275 Battarum
581 1212 746 1277 ceciderat.
800 1212 854 1276 Sia
886 1213 1002 1277 oemioi
1034 1213 1069 1276 in
1100 1213 1198 1276 simili
1230 1234 1264 1276 re

80 1318 266 1401 palaestrae
289 1318 476 1382 memoriam
499 1339 649 1382 revocare
672 1320 786 1400 solent,
810 1323 846 1382 ut
869 1317 967 1383 Arist.
981 1341 1068 1402 vesp.
1085 1319 1185 1401 1383,
1208 1319 1265 1382 ubi

80 1423 254 1488 Philocleo
278 1424 346 1488 filio
371 1425 525 1487 minatur:

288 1546 478 1632 Ἐφουδίων
501 1546 670 1631 ἐμαχέσατ’
692 1547 859 1633 Ἀσκώνδᾳ
882 1554 989 1624 καλῶς

291 1655 355 1736 ἤδη
379 1653 487 1738 γέρων
510 1655 569 1718 ὥν·
594 1649 665 1718 εἶτα
688 1664 726 1739 τῇ
750 1664 862 1740 πυγμῇ
885 1656 998 1719 θενών

297 1760 314 1824 ὁ
338 1761 561 1844 πρεσβύτερος
584 1760 741 1843 κατέβαλε
764 1762 822 1825 τὸν
846 1762 1015 1845 νεώτερον.

83 1885 125 1948 of.
141 1882 217 1947 Her.
232 1907 261 1947 v.
277 1884 328 1947 73.
374 1883 465 1947 Adde
479 1882 583 1947 Plaut.
599 1883 685 1947 Trin.
700 1885 781 1949 482:

613 2029 724 2070 verum
749 2008 836 2089 quod
860 2008 900 2070 ad
922 2012 1067 2072 ventrem
1091 2009 1216 2092 attinet,
1261 2062 1269 2070 .

131 2111 208 2176 Non
234 2111 342 2176 hercle
370 2113 432 2176 hoo
460 2114 557 2197 longe
586 2110 643 2198 (so.
661 2114 711 2177 illi
730 2111 910 2199 decedam),
942 2115 1004 2177 nisi
1032 2137 1089 2178 me
1120 2117 1264 2199 pugnis

942 2221 1090 2283 vicerit.

87 2360 127 2424 ef.
142 2359 251 2423 Aulul.
266 2359 341 2423 410.
387 2358 426 2422 In
448 2361 569 2424 maiore
597 2359 798 2424 Philemonis
820 2362 1003 2446 fragmento
1018 2359 1264 2445 4‚·11p.479K.

64 2467 236 2567 ιΙιιοοοειιι
258 2465 350 2548 loqui
372 2467 437 2529 iam
461 2465 605 2530 Koekius
629 2467 762 2532 adnotat
786 2489 825 2531 ex
848 2467 913 2530 v.4
936 2468 1102 2553 colligens.
1148 2467 1265 2544 Quam-

87 2593 184 2654 quam
208 2575 316 2636 autem
340 2573 469 2656 gravior
491 2574 576 2636 inter
597 2572 820 2637 Philemonem
844 2577 875 2636 et
898 2572 1061 2637 Herodem
1090 2596 1264 2639 consensus

86 2700 153 2742 non
180 2682 327 2761 apparet,
358 2682 467 2741 tamen
495 2679 680 2742 universum
709 2679 865 2763 sermonis
894 2701 996 2763 genus
1026 2679 1198 2763 abruptum
1226 2703 1265 2746 ao

89 2785 265 2866 ooneisum,
293 2804 357 2866 quo
391 2787 423 2847 et
454 2784 508 2848 hio
540 2788 573 2848 et
604 2784 672 2848 illio
703 2785 776 2849 leno
808 2786 925 2867 utitur,
958 2787 1099 2869 aliquam
1127 2809 1203 2870 prae
1231 2809 1264 2851 se

88 2889 151 2954 fert
178 2889 430 2953 similitudinem.
478 2888 558 2954 Cum
582 2889 657 2955 Her.
677 2890 781 2974 63sq.‚
802 2890 895 2974 resq.
924 2893 1106 2956 conferatur
1128 2891 1263 2957 Philam.

90 3019 117 3059 v.
135 2995 240 3077 lOsq.:

267 3117 379 3184 ἑστᾶσι
401 3122 538 3202 γυμναί·
562 3121 605 3201 μὴ
626 3118 837 3205 ’ξαπατηθῇς.
882 3119 985 3186 πάνθ’
1013 3121 1083 3205 ὅρα.

267 3224 328 3288 οὐκ
351 3219 389 3287 εὖ
414 3234 556 3289 σεαυτοῦ
578 3225 752 3309 τυγχάνεις
775 3223 872 3308 ἔχων·

91 3363 232 3447 Uterque
247 3365 408 3429 sordidam
423 3370 525 3430 artem
540 3366 716 3432 collaudat:
738 3367 792 3431 hie
814 3368 1009 3432 lenocinium
1034 3369 1264 3451 δημοτικὸν...

92 3481 221 3554 πρᾶγμα
243 3470 298 3535 καὶ
322 3474 487 3554 σωτήριον
514 3473 656 3555 appellat
679 3471 829 3557 (Philem.
843 3495 872 3535 v.
888 3469 932 3557 3),
955 3475 1010 3537 ille
1035 3474 1159 3536 meritis
1182 3472 1265 3537 Tha-

92 3575 172 3658 letis,
196 3597 291 3658 quem
316 3577 363 3639 sio
386 3596 418 3638 se
442 3577 616 3640 iactantem
638 3577 718 3640 feeit
740 3574 870 3663 (v.16):
1176 3584 1178 3589 '

716 3698 748 3777 ἐξ
764 3699 859 3784 Ἄκης
882 3699 1050 3784 &tilloneo
1072 3669 1075 3675 Ι

301 3808 428 3888 πυροὺς
452 3806 543 3887 ἄνων
565 3808 710 3889 κῆστησα
732 3808 794 3888 τὴν
816 3807 920 3890 κακὴν
943 3809 1050 3889 λιμόν,

98 3967 150 4008 sua
177 3946 278 4029 ipsius
306 3947 457 4030 opponit,
489 3968 561 4011 eum
594 3948 701 4030 ipsum
734 3969 863 4031 quoque
890 3948 929 4011 de
956 3971 990 4012 re
1021 3948 1151 4032 publica
1182 3950 1264 4014 bene

96 4053 205 4115 mereri
237 4053 323 4116 dieat
355 4053 470 4117 scortis
499 4052 584 4136 Tyro
618 4050 799 4138 advectis.¹)
857 4052 908 4117 Ab
945 4058 1083 4137 utroque
1116 4059 1263 4153 stuprum

179 4316 204 4382 1)
223 4312 334 4366 Battari
365 4314 451 4367 verba
479 4314 541 4368 eoll.
564 4314 682 4369 Philam.
701 4334 727 4369 v.
747 4321 777 4370 8:
810 4323 908 4385 στῆσαι
938 4315 1094 4384 πριάμενον
1126 4325 1264 4385 γυναῖκας

98 4400 188 4454 dubito
203 4416 240 4453 an
254 4402 295 4455 sie
308 4402 457 4456 restituere
471 4401 569 4456 liceat:
590 4403 603 4457 ἐ
621 4404 642 4456 ὠ
657 4404 688 4457 δὲ
703 4403 809 4471 περνὰς
822 4403 853 4458 ἐκ
870 4404 963 4472 Τύρον
977 4424 1004 4457 τι
1017 4408 1055 4475 τῷ
1069 4403 1147 4476 δήμῳ
1162 4403 1262 4475 ἴστημι.
