2996 5088
251 304 329 357 Mim.
340 304 373 369 Π,
393 309 436 356 42.
735 345 778 352 -
824 308 866 372 26
912 346 956 353 -

252 484 318 550 Ubi
336 486 469 568 impune
491 485 576 567 licet,
599 484 779 550 incredibili
801 486 876 549 leno
900 490 948 549 est
971 485 1104 549 audacia
1121 507 1225 567 neque
1243 486 1311 549 ullo
1333 484 1445 548 modo

252 595 421 674 promptae
444 595 476 654 et
498 590 638 654 nefariae
656 591 786 675 linguae
805 592 998 655 moderatur.
1035 588 1128 655 Unus
1147 592 1283 674 quisque
1303 590 1445 670 sentiet,

254 699 378 780 opinor,
401 701 521 779 quanta
540 697 749 779 despicientia
767 698 845 762 insit
863 701 1083 780 quantumque
1105 697 1271 761 fastidium
1299 698 1336 760 in
1361 696 1445 759 istis

253 803 368 867 verbis.
419 803 507 879 Quae
539 803 604 886 ipsi
636 804 741 867 solent
782 804 821 867 ab
850 803 922 867 aliis
951 791 1154 886 opprobrari,
1185 825 1222 866 ea
1253 803 1288 866 in
1321 802 1445 865 adver-

253 911 372 973 sarium
395 907 543 993 fundit.¹)

343 1014 445 1091 Quam
468 1015 582 1079 festive
606 1016 743 1098 denique
770 1015 851 1079 illud
874 1020 923 1080 est
946 1017 1122 1098 inventum,
1154 1015 1242 1098 quod
1265 1036 1298 1078 se
1322 1014 1442 1097 ipsum

252 1123 327 1186 leno
351 1126 505 1203 tanquam
523 1120 601 1185 boni
624 1125 657 1185 et
680 1122 774 1205 probi
793 1123 872 1186 civis
891 1122 1053 1205 exemplar
1076 1121 1204 1185 Thaleti
1227 1120 1443 1185 commendat

255 1228 480 1291 aemulandum
512 1225 554 1313 (v.
577 1225 705 1313 29sq.);
737 1228 783 1292 sic
806 1227 869 1291 sibi
900 1228 968 1309 ipse
991 1228 1102 1292 laudes
1126 1228 1205 1292 dicit
1227 1228 1301 1291 leno
1325 1225 1440 1290 Plaut.

254 1332 339 1397 Pers.
353 1334 433 1396 474:
458 1331 577 1397 Sumne
600 1333 731 1416 probus,
755 1356 826 1397 sum
848 1333 975 1416 lepidus
998 1335 1077 1397 civis
1092 1356 1117 1396 e.
1132 1354 1162 1416 q.
1177 1355 1201 1397 s.

344 1480 373 1521 v.
387 1457 444 1520 42:
730 1455 785 1521 καὶ
809 1459 851 1522 σὺ
874 1458 936 1540 τὴν
958 1457 1043 1541 ὀιιην
1065 1459 1173 1539 βῦσον

460 1572 517 1646 της
539 1563 738 1647 αλεψύὸρης,
762 1563 921 1646 βέλτιστε,
944 1563 1056 1647 μέχρις
1080 1557 1121 1627 οὗ
1145 1569 1230 1652 clap,

459 1669 501 1751 μὴ
525 1671 607 1753 πρός
630 1693 665 1733 τε
688 1671 789 1744 ανσὸς
813 1679 896 1754 φησι
919 1670 965 1754 χώ
988 1670 1091 1753 τάπης
1113 1670 1204 1752 ἡμῖν,

339 1835 347 1851 ,
459 1775 495 1838 τὸ
519 1784 579 1839 τοῦ
603 1777 704 1858 λόγον
729 1777 770 1859 ὃν)
793 1784 903 1857 τοῦτο,
928 1779 1021 1858 ληΐης
1043 1777 1159 1861 κύρση.

344 1915 558 1999 Spurcissima
576 1937 654 1980 voce
677 1917 778 1992 νοσὸς
801 1921 980 1981 memorata
999 1918 1121 1999 optime
1145 1920 1242 2000 poeta
1261 1916 1432 2002 significat,

256 2023 346 2086 cuius
374 2024 501 2106 generis
528 2022 694 2087 hominem
721 2022 860 2087 voluerit
887 2022 1078 2106 describere3
1106 2024 1224 2087 etenim
1254 2024 1310 2105 qui
1338 2022 1431 2086 dictis

255 2128 427 2211 impudicis
455 2132 552 2210 atque
579 2127 753 2192 immundis
782 2129 946 2210 utebatur,
974 2129 1001 2192 is
1029 2129 1204 2193 vocabatur
1231 2127 1431 2217 ιιυσολέσχης

256 2233 310 2319 (cf.
348 2233 556 2318 ἀδολέσχης),
602 2233 642 2298 ὃν
687 2236 729 2298 ἄν
773 2258 823 2310 τις
870 2236 1045 2319 διασαφῶν
1085 2226 1319 2316 κιναιδολόγον
1364 2232 1432 2317 ἐρεῖ

256 2338 419 2426 (Eustath.
439 2340 513 2425 746,
539 2337 637 2426 18).)
687 2339 839 2404 Battarus
871 2341 1016 2405 foramen
1049 2341 1234 2425 clepsydrae
1266 2343 1429 2424 comparat
1472 2338 1473 2413 )

256 2468 329 2510 cum
353 2446 467 2529 podice
491 2447 625 2530 aegroti,
649 2448 705 2529 qui
727 2467 768 2510 ne
792 2447 968 2531 stragulam
992 2448 1148 2530 inquinet,
1175 2446 1349 2511 verendum
1373 2450 1428 2510 est.

257 2553 369 2631 κυσὸς
381 2562 463 2637 φησι
485 2553 552 2616 fere
575 2556 613 2616 ut
635 2553 721 2636 apud
741 2550 906 2636 Aristoph.
925 2552 1047 2617 Eccles.
1067 2553 1148 2617 367:
1473 2582 1474 2657 )

470 2670 567 2752 οὗτος
590 2678 653 2761 γὰρ
677 2676 760 2760 ἁνὴρ
785 2675 880 2741 ἕνεκα
903 2701 941 2759 γε
964 2678 1197 2759 στεναγμάτων
1473 2666 1474 2729 l

470 2778 563 2846 οἶδεν
586 2785 620 2846 τί
640 2784 789 2866 πρωκτὸς
811 2784 967 2864 βούλεται
989 2786 1152 2866 χεζητιῶν.

258 2909 296 2972 cf.
312 2929 377 2970 ran.
393 2906 473 2970 234:
496 2906 542 2990 χώ
566 2907 714 2990 ιιριοιιτὸς
729 2955 826 2970 .....
841 2904 947 2970 αὐτίκ’
974 2904 1120 2988 ἐγκύψας
1143 2905 1224 2991 ἐρεῖ
1245 2943 1283 2953 -

347 3031 495 3113 Denique
522 3029 608 3112 apud
635 3028 800 3093 Eubulum
825 3027 1084 3114 Sphingocarion
1106 3030 1170 3094 hoc
1191 3031 1339 3114 aenigma
1359 3051 1428 3113 pro-

257 3138 350 3220 ponit
372 3136 410 3199 fr.
427 3133 729 3220 107,11p.201K.‚
754 3135 840 3218 quod
863 3136 964 3237 affert,
979 3136 1012 3199 in
1036 3136 1110 3200 edit.
1129 3136 1205 3200 min.
1226 3133 1368 3199 Orusius:

348 3261 417 3324 ἔστι
441 3264 570 3324 λαλῶν
593 3260 763 3341 ἄγλωσσος
853 3257 992 3335 ἀξύνετα
1015 3257 1179 3336 ξυνετοῖσι
1203 3257 1327 3341 λέγων

258 3385 376 3448 mirum
395 3386 503 3446 autem
523 3386 580 3454 est,
605 3382 692 3464 quod
710 3382 795 3445 idem
814 3385 910 3467 poeta
928 3383 963 3446 in
982 3382 1093 3446 eodem
1111 3383 1293 3467 fragmento
1317 3380 1358 3468 (v.
1372 3381 1425 3467 23)

351 3614 377 3681 1)
395 3611 435 3664 Ut
466 3610 577 3679 avaris
603 3609 674 3662 dicit
706 3610 742 3663 de
769 3609 901 3677 Thalete,
933 3610 951 3663 i.
971 3609 986 3663 ὁ
1005 3609 1126 3679 ἀναγής,
1157 3609 1234 3677 quod
1266 3608 1427 3663 adjectivum
1473 3596 1474 3667 l

259 3700 336 3769 apud
354 3699 556 3768 Hippocratem
574 3698 696 3752 occurrit
710 3698 810 3752 eadem
824 3699 1031 3768 significatione
1045 3714 1101 3766 qua
1120 3698 1244 3767 ἄναγνος
1257 3698 1275 3750 i.
1299 3697 1425 3766 impurus,
1472 3690 1474 3773 )

260 3790 392 3856 incestus,
422 3787 594 3855 inquinatus.
640 3786 769 3855 Impurus
798 3789 893 3840 autem
921 3787 982 3854 ipse
1009 3785 1073 3840 leno
1097 3802 1181 3855 saepe
1203 3787 1319 3840 vocatur
1341 3785 1368 3837 in
1385 3800 1426 3838 co·

258 3876 391 3943 moediis‚
419 3876 454 3930 cf.
469 3876 561 3929 Plaut.
576 3875 651 3929 Pers.
667 3879 733 3941 407,
761 3875 861 3928 Pseud.
877 3880 942 3941 354,
970 3874 1081 3929 Terent.
1101 3875 1221 3944 Adelph.
1238 3879 1297 3927 281.
1343 3872 1425 3938 Quid?

260 3965 336 4034 quod
360 3965 463 4019 Sannio
486 3964 551 4018 leno
575 3964 673 4017 eodem
695 3963 787 4016 utitur
811 3963 895 4017 verbo
918 3963 948 4016 in
970 3963 1143 4018 Aeschinum
1165 3965 1192 4031 (o
1215 3962 1354 4017 hominem
1380 3962 1425 4014 im-

259 4061 379 4123 purum?
406 4054 456 4106 ubi
482 4050 618 4106 Dziatzko
647 4051 777 4105 adnotat:
802 4052 848 4106 οιίι
874 4052 936 4106 sehr
961 4052 1065 4105 starker
1092 4051 1295 4120 Scolmpfwom
1328 4051 1426 4105 welches

258 4150 333 4198 coust
356 4145 387 4197 ιίι
412 4143 460 4196 ιλιι·
483 4142 567 4211 Repel
589 4157 645 4195 aur
672 4157 756 4212 ηιηιιι
779 4140 887 4194 brocco
909 4140 969 4193 ααιλ
991 4141 1078 4195 Leutc
1100 4139 1221 4210 pleicteo
1243 4139 1367 4209 Sctlapee
1386 4154 1424 4208 ηι-

259 4232 373 4287 braucbt
389 4231 469 4300 wird)
488 4245 581 4283 nonne
599 4228 676 4282 idem
692 4229 777 4298 plane
796 4231 840 4283 est
858 4227 1026 4282 artificium?

348 4321 375 4389 2)
393 4318 455 4372 Vox
473 4318 559 4380 κνσὸς
577 4316 684 4371 comica
702 4318 746 4371 est
764 4316 799 4370 cf.
814 4317 904 4385 Etym.
920 4335 956 4369 m.
972 4322 1032 4384 311,
1047 4322 1094 4370 45:
1118 4316 1204 4371 κύσον
1223 4315 1276 4384 γὰρ
1300 4314 1425 4369 εἰώθασιν

260 4407 287 4462 οἱ
305 4408 422 4477 κωμικοὶ
441 4408 489 4461 καλ
508 4406 558 4460 τὸν
575 4406 705 4473 πρωκτὸν
723 4408 826 4460 καλεῖν.
