2996 5088
236 282 313 335 Mim.
324 281 358 348 Π,
379 287 421 349 19,
437 286 479 348 79,
494 287 574 348 24sq.
714 322 751 329 -
800 284 844 347 24
889 322 930 330 .-

238 466 408 525 excusatur
430 458 580 547 (Philem.
596 461 626 542 6,
644 459 762 524 Herod.
779 458 850 546 79);
874 461 982 525 omnia
1000 461 1202 544 permittunt,
1222 462 1297 526 dum
1317 462 1427 526 modo

237 568 407 651 pecuniam
430 567 597 649 accipiant.
644 565 727 630 Vide
750 565 1051 650 Philem.15,Her.
1076 568 1129 650 83,
1148 571 1180 631 et
1204 590 1285 650 quae
1308 568 1426 634 dicam

239 673 323 736 infra
342 696 371 756 p.
392 672 434 735 28
460 673 499 735 ad
524 671 599 736 Her.
614 670 655 755 Il,
675 672 726 736 79.

328 819 357 860 v.
374 797 429 859 19:
614 796 764 879 δωρεὴν
787 797 850 881 γὰρ
875 795 952 861 οὔθ’
980 790 1078 872 οὗτος
1099 801 1227 881 πυροὺς

452 900 566 966 δίδωσ’
593 899 750 987 ἀλή)θειν
773 900 842 966 οὔτ’
870 900 934 984 ἐγὼ
958 902 1059 967 πάλιν
1082 906 1204 986 κείνην.

237 1026 299 1090 His
322 1027 459 1111 adiunge
482 1050 510 1090 v.
527 1027 582 1089 79:

443 1149 520 1235 ἐρᾷς
542 1150 604 1230 μὲν
627 1155 706 1226 ἴσως
729 1150 924 1235 Messores·
948 1151 1049 1215 οὐδὲν
1073 1153 1195 1233 δεινόν,

442 1252 507 1338 ἐγὼ
531 1256 568 1320 δὲ
591 1266 722 1339 πυρῶν·
745 1266 849 1321 ταῦτα
873 1257 954 1332 δοὺς
976 1255 1074 1321 ἐκεῖν’
1101 1254 1191 1333 ἕξεις.

119 1477 123 1482 ⁴
237 1397 281 1461 Et
305 1420 470 1481 compares
493 1398 592 1462 verba
614 1400 705 1461 lenae
723 1396 828 1462 Plaut.
844 1395 1056 1484 (Demophil.)
1071 1397 1160 1463 Asin.
1175 1398 1254 1462 200:

284 1521 389 1598 Quom
412 1545 431 1585 a
454 1523 578 1605 pistore
601 1544 717 1604 panem
740 1523 891 1606 petimus,
913 1522 1025 1586 vinum
1049 1545 1088 1586 ex
1112 1524 1293 1605 cenopolim

286 1626 321 1691 Si
343 1649 397 1691 aes
421 1629 551 1710 habent,
575 1629 652 1718 dant
675 1650 827 1693 mercem:
851 1628 961 1692 eadem
984 1650 1044 1692 nos
1068 1629 1238 1712 disciplina
1260 1629 1394 1692 utimur.

238 1753 277 1816 cf.
294 1752 372 1815 190:

328 1873 398 1939 Nec
421 1897 530 1938 meum
554 1876 684 1958 quidem
708 1876 823 1958 edepol
846 1877 886 1940 ad
909 1880 942 1940 te
965 1880 1002 1940 ut
1024 1878 1152 1940 mittam
1176 1877 1324 1960 gratiis.

238 2003 270 2062 et
285 1997 410 2062 Terent.
426 1996 605 2084 (Apollod.)
619 1997 749 2062 Phorm.
763 1999 843 2062 499:

283 2121 397 2187 Adeon
419 2128 452 2187 te
476 2145 544 2187 esse
617 2123 847 2206 impudentem,
869 2127 906 2187 ut
921 2145 1082 2186 ...meam
1106 2124 1216 2187 ductes
1240 2123 1385 2207 gratiis.

326 2263 534 2328 Manifestum
562 2270 611 2328 est
637 2267 786 2328 lenonem
815 2265 970 2348 arguendi
998 2264 1103 2327 studio
1132 2264 1290 2346 ablatum,
1317 2270 1413 2347 prout

239 2370 341 2433 oratio
366 2370 592 2454 progrediatur
610 2393 638 2433 v.
653 2370 757 2453 resq„
781 2373 874 2453 plura
894 2391 1019 2452 semper
1042 2373 1074 2433 et
1097 2370 1245 2454 graviora
1268 2370 1411 2453 proferre

238 2477 387 2557 crimina,
409 2475 450 2539 ad
473 2476 591 2539 iustam
615 2481 723 2540 autem
746 2477 906 2540 actionem
933 2498 969 2539 ea
994 2475 1219 2539 tantummodo
1245 2478 1411 2558 pertinere,

238 2604 319 2664 quae
338 2605 357 2645 a
376 2582 480 2645 scriba
502 2583 685 2645 recitentur.
693 2578 718 2667 l)

326 2704 393 2769 Uni
420 2707 487 2770 fere
516 2707 631 2790 cuique
661 2706 757 2770 huius
785 2706 999 2771 accusationis
1026 2707 1112 2790 parti
1135 2706 1255 2769 similes
1278 2711 1410 2790 possunt

239 2812 422 2875 comoediae
454 2834 565 2876 versus
598 2815 785 2896 comparari.
841 2810 949 2894 Atque
986 2816 1023 2875 ut
1059 2811 1134 2875 inde
1171 2812 1290 2894 ordiar,
1327 2812 1409 2894 quod

238 2918 443 2999 potissimum
468 2919 522 2981 sit:
546 2919 675 2999 quantis
695 2922 789 3001 putas
804 2917 967 2983 theatrum
991 2918 1157 3000 plausibus
1181 2919 1409 3002 concrepuisse,
1472 2952 1473 2973 ι

239 3045 313 3087 curn
327 3025 400 3086 leno
415 3025 531 3087 misere
545 3025 704 3087 mulcatus
723 3024 874 3106 prodibat
893 3027 925 3087 et
946 3024 984 3086 de
1008 3028 1139 3107 accepta
1161 3024 1277 3087 iniuria
1294 3025 1408 3087 lamen-

238 3130 381 3215 tabatur,
404 3133 441 3193 ut
465 3127 585 3192 Sannio
609 3128 735 3193 Terent.
760 3126 910 3216 (Diphil.)
934 3127 1071 3213 Adelph.
1088 3129 1164 3192 198:

306 3254 412 3318 Domo
436 3276 488 3317 me
512 3255 639 3336 eripuit,
662 3253 852 3336 verberavit,
874 3276 926 3316 me
950 3254 1052 3348 inuito
1076 3253 1210 3316 abduxit
1232 3275 1335 3317 meam

938 3356 992 3444 (cf.
1006 3357 1124 3421 Herod.
1139 3382 1167 3422 v.
1183 3357 1254 3445 24);

306 3466 440 3529 Homini
463 3467 580 3529 misero
605 3467 679 3549 plus
703 3467 898 3550 quingentos
922 3466 1076 3548 colaphos
1099 3465 1232 3549 infregit
1254 3465 1341 3529 mihi.

239 3590 326 3654 Talis
350 3594 507 3672 aspectus,
530 3587 635 3670 qualis
659 3589 720 3652 iste
743 3590 778 3652 in
799 3587 971 3672 Adelphis,
994 3589 1128 3672 ipsaque
1151 3588 1248 3651 verba
1271 3590 1305 3652 in
1327 3611 1406 3651 meu-

239 3697 326 3760 tibus
354 3698 571 3779 spectatorum
598 3698 692 3776 putes
720 3695 799 3757 adeo
827 3695 969 3758 haesisse
996 3698 1033 3757 ut
1059 3693 1133 3756 leno
1161 3694 1279 3778 pugnis
1303 3714 1406 3758 caesus

239 3824 340 3887 paene
363 3803 397 3864 in
420 3800 626 3885 proverbium
650 3801 760 3864 abiret.
807 3800 844 3862 cf.
858 3798 963 3863 Plaut.
978 3798 1060 3863 Rud.
1076 3800 1154 3863 661:

400 3922 507 3987 Audio
530 3923 721 3986 tumultum:
745 3925 868 4008 opinor,
891 3925 965 3987 leno
989 3925 1109 4008 pugnis
1133 3923 1281 4005 pectitur.

240 4118 342 4169 Facete
361 4115 437 4169 ehim
454 4115 607 4183 respondet
624 4115 701 4171 leno:
721 4115 824 4185 etipse
839 4115 956 4184 perinde
971 4118 1050 4168 actu
1064 4115 1173 4184 aliquid
1192 4113 1284 4183 ἴστημι
1302 4113 1405 4183 popule,

239 4206 372 4259 nimirum
381 4221 437 4257 non
446 4202 559 4270 famem,
569 4203 618 4256 sed
629 4207 729 4272 scorta,
740 4221 797 4273 qua
806 4205 967 4257 coniectura
981 4205 1139 4258 sententiae
1154 4203 1263 4271 aliquid
1278 4201 1404 4258 acuminis

239 4294 320 4348 reddi
338 4309 419 4347 nemo
438 4291 563 4361 negabit.
592 4291 630 4344 Et
647 4292 819 4362 ambiguitas
839 4292 913 4345 inest
931 4292 1018 4346 etiarn
1036 4291 1119 4347 verbo
1139 4290 1258 4358 ἀλήθεια)
1273 4293 1308 4359 (v.
1319 4294 1366 4360 20).

330 4385 356 4451 1)
375 4382 409 4435 cf.
423 4380 554 4447 Hensius,
573 4380 644 4434 Mus.
659 4380 748 4434 Rhen.
763 4381 811 4435 LV
824 4399 850 4449 p.
862 4386 922 4434 228.
