2996 5088
182 316 185 323 ’
239 331 385 386 Minvu.
713 287 763 379 ζ.
809 333 854 398 44
898 372 943 380 -

241 511 304 588 Qui
322 533 477 576 manuum
496 533 627 575 suarum
646 532 743 594 opera
758 512 923 575 simillima
937 508 1091 576 Cerdonis
1110 513 1312 577 enarratione
1331 535 1422 578 com·

240 621 405 682 memorat.
438 614 540 691 Quam
563 616 685 681 fuerint
706 618 891 699 frequentes
913 619 949 681 in
970 639 1055 682 nova
1074 618 1239 683 comoedia
1258 619 1421 684 eiusmodi

239 746 403 808 personae,
426 724 489 806 ipsi
511 722 695 787 fabularum
718 723 807 787 tituli
831 723 959 807 docent,
982 725 1073 788 velut
1095 726 1261 807 Σκντεύς,
1284 729 1419 808 Στεφα-

239 831 423 906 νοπώλιδες
455 828 590 911 Eubuli,
627 832 785 912 Taenareis
815 828 1008 914 Nicostrati,
1041 834 1207 914 Κονιατής
1233 829 1420 914 Amphidis,

240 938 433 1021 Λνροποιός
450 932 617 1017 Anaxilae,
640 936 679 998 al.
715 934 931 999 notissimum
950 941 1059 1000 antem
1078 942 1127 1001 est
1146 937 1184 1001 de
1202 936 1419 1020 piscariorum

240 1043 426 1128 arrogantia
440 1042 496 1125 qui
509 1042 735 1124 lamententur,
754 1063 849 1125 saepe
865 1064 884 1106 a
898 1043 1030 1107 comicis
1044 1043 1161 1108 induci.
1188 1042 1419 1107 Memorabiles

240 1152 315 1213 sunt
342 1148 377 1212 hi
400 1145 597 1230 Antiphanis
620 1169 731 1212 versus
754 1145 1000 1234 (fr.218‚11p.
1021 1148 1083 1212 107
1103 1145 1162 1235 10:

400 1289 441 1353 οὐ
466 1290 581 1353 δεινόν
603 1286 672 1353 ἐστι
696 1289 911 1373 προσφάτους
933 1289 995 1373 μὲν
1017 1289 1060 1355 άν
1082 1292 1165 1376 τύχῃ

400 1399 521 1459 πωλῶν
543 1418 594 1471 τις
618 1396 727 1479 ἰχθῦς,
750 1398 983 1478 συναγαγόντα
1005 1397 1062 1471 τὰς
1085 1396 1194 1481 ὀφρῦς

399 1510 520 1565 τοῦτον
543 1501 826 1586 σαυθρωπάζοντά
849 1500 885 1567 θ’
912 1503 992 1586 ἡμῖν
1015 1508 1226 1586 προσλαλεῖν,

400 1606 459 1672 ἐὰν
481 1610 631 1691 σαπροὺς
652 1609 773 1692 κομιδῇ
798 1607 844 1691 δέ,
868 1610 1002 1686 παίζειν
1017 1606 1072 1673 καὶ
1095 1613 1210 1691 γελᾶν;

327 1764 384 1831 Bis
408 1769 516 1830 autem
538 1765 655 1830 horum
674 1766 882 1850 propolarum
907 1769 1054 1851 exempla
1077 1768 1270 1851 expressisse
1287 1767 1422 1831 videtur

239 1872 500 1937 mimiamborum
524 1872 675 1955 scriptor,
699 1876 842 1937 sutorem
866 1876 898 1937 et
921 1874 1057 1938 ficorum
1080 1875 1263 1957 propolam,
1286 1874 1314 1936 si
1338 1874 1422 1955 quid

242 1978 431 2067 concludere
445 1976 522 2042 lieet
532 2000 549 2042 e
559 1975 616 2042 Cn.
625 1976 722 2041 Matti
735 1978 926 2062 fragmentis
940 1979 991 2043 his
1006 1976 1162 2065 (Macrob.
1173 1984 1231 2044 sat.
1246 1977 1303 2062 HI,
1319 1980 1369 2061 19,
1382 1978 1422 2063 53

239 2081 359 2148 Buech.
378 2106 408 2166 p.
423 2083 477 2167 69,
500 2082 588 2147 Orus.
609 2081 742 2170 89γ90);

452 2223 492 2288 ln
514 2224 646 2288 milibus
669 2229 720 2289 tot
742 2246 809 2289 non
831 2225 984 2290 videbitis
1007 2247 1164 2310 grossum.

453 2329 569 2395 Sumas
593 2332 633 2396 ab
657 2332 721 2395 alio
745 2333 828 2396 lacte
852 2332 981 2396 diffluos
1005 2353 1143 2417 grossos.

240 2490 357 2555 Verbis
375 2513 443 2555 non
460 2489 567 2555 minus
586 2491 749 2556 atrocibus
768 2492 823 2555 ille
841 2492 927 2574 apud
940 2490 1109 2556 Alexidem
1128 2495 1305 2575 emptorem
1324 2491 1421 2574 pellit
1496 2480 1497 2509 ³

241 2595 292 2683 (fr.
311 2597 362 2682 16,
379 2594 412 2660 Π
430 2619 461 2681 p.
476 2594 616 2683 303K.):
645 2590 683 2661 ‘oi
704 2595 793 2680 ’τάν,
826 2597 906 2679 λαβὲ
932 2592 987 2663 ναὶ
1019 2600 1063 2682 μὴ
1096 2598 1207 2678 παῖξέ.
1254 2597 1420 2683 ‘rosceda

239 2703 446 2789 παράτρεχε’.
500 2702 545 2766 Et
576 2701 656 2768 haec
687 2702 816 2787 quidem
838 2704 937 2767 verba
964 2708 1040 2767 sunt
1067 2705 1178 2769 cetarii
1206 2704 1354 2787 alicuius3
1383 2708 1420 2769 at

239 2809 325 2874 idem
348 2806 460 2873 Alexis
480 2809 519 2872 de
537 2810 673 2875 ficorum
695 2809 842 2893 propolis
865 2814 1023 2874 memorat
1045 2810 1083 2874 fr.
1106 2809 1276 2895 128,11p.
1296 2810 1361 2875 343
1376 2808 1419 2874 K.

881 2953 918 3015 οἳ
937 2951 1068 3016 κάτωθε
1091 2951 1152 3036 μὲν

311 3117 313 3121 ,
397 3056 438 3119 τά
460 3058 586 3142 σκληρά
608 3053 664 3122 καὶ
686 3058 842 3140 μοχθηρὰ
864 3068 932 3121 τῶν
954 3058 1067 3121 σύκων
1089 3055 1140 3122 άεὶ

395 3161 558 3246 vaiacra,
581 3161 740 3246 ἐπιπολῆς
763 3162 801 3227 δὲ
824 3162 952 3227 πέπονα
974 3161 1029 3227 καὶ
1052 3164 1144 3228 καλά.

397 3263 462 3332 εἷθ’
491 3267 510 3332 ὁ
533 3268 594 3351 μὲν
617 3266 741 3332 ἔδωκεν
764 3270 809 3345 ὡς
831 3267 955 3333 τοιαῦτ’
982 3268 1173 3352 ὠνούμενος

396 3376 504 3457 τιμήν,
529 3373 547 3437 ὁ
572 3372 602 3437 d'
629 3372 774 3456 ἐγκάψας
796 3376 834 3439 τὸ
857 3372 950 3458 κέρμ’
977 3377 1024 3450 εἰς
1046 3374 1107 3456 τὴν
1130 3374 1263 3459 γνάθον

396 3477 475 3562 ἐρίν’
505 3477 646 3544 ἀπέδοτο
670 3489 756 3544 σῦκα
778 3485 901 3545 πωλεῖν
925 3480 1070 3563 ὀμνύων.

239 3637 279 3702 ln
301 3638 359 3703 illo
382 3638 483 3724 igitur
504 3638 703 3722 mimiambo,
727 3661 822 3722 quem
840 3637 974 3703 Mattius
997 3640 1142 3703 imitatus
1166 3641 1223 3723 est,
1246 3660 1418 3721 personam

239 3743 386 3808 Herodas
409 3746 604 3808 tractaverat
622 3767 639 3808 e
654 3745 821 3810 comoedia
835 3744 1045 3809 notissimam.
1082 3742 1192 3807 Addas
1211 3744 1307 3808 etiam
1326 3744 1418 3827 illud,

242 3850 329 3933 quod
351 3854 389 3914 ut
411 3850 548 3935 propola
565 3848 711 3915 Alexidis
740 3850 787 3915 sic
806 3848 907 3915 Cerdo
932 3872 1059 3935 quoque
1084 3850 1200 3934 omnia,
1223 3872 1304 3934 quae
1332 3849 1419 3936 dicit,

240 3957 309 4020 iure
328 3957 462 4021 iurando
481 3958 659 4021 confirmat.
682 3954 736 4043 (ef.
755 3979 783 4020 v.
804 3955 926 4044 30sq.).

301 4060 434 4126 ,Venio
462 4062 503 4126 ad
531 4084 581 4147 ea,
610 4084 691 4145 quaa
719 4063 760 4126 ad
789 4063 935 4148 singulos
964 4084 1076 4127 versus
1108 4061 1189 4127 mihi
1221 4061 1420 4126 observanda

241 4189 309 4232 esse
332 4156 490 4232 videntur.

329 4315 358 4356 v.
378 4293 412 4355 6:
437 4294 676 4357 ...Πίστε...

241 4418 368 4492 Πίστος
400 4416 484 4479 servi
507 4438 627 4480 nomen
651 4415 737 4498 apud
759 4412 980 4499 Antiphanem
1010 4414 1061 4502 (fr.
1081 4415 1134 4499 68,
1153 4415 1184 4499 3,
1201 4413 1277 4499 Hp.
1297 4413 1339 4479 38
1354 4410 1419 4500 K).
