2996 5088
591 335 792 396 -7-
1077 318 1204 384 ¹.

86 512 240 598 loquella
273 513 388 577 comici
425 511 584 576 similibus
616 512 696 575 locis
732 508 910 596 eruntne)
973 509 1074 575 Aliud
1106 511 1278 577 artificium

88 619 247 684 Herodae
257 641 331 684 cum
341 618 472 683 comicis
487 640 657 683 commune
670 618 734 681 hoc
744 622 805 682 est:
820 617 935 682 comici
950 618 1045 701 enim,
1059 602 1096 682 rit
1109 618 1278 682 ridiculam

87 726 407 811 magniloquentiam
426 725 608 808 exhibeant,
627 723 754 807 saepius
773 747 846 788 eum
867 725 923 807 qui
936 725 1082 808 loquitur
1096 724 1135 787 de
1154 746 1188 787 se
1206 724 1278 806 ipso

89 855 235 915 persona
258 836 402 896 utentem
425 830 583 895 inducunt
605 831 710 912 tertia,
732 835 770 895 ut
784 828 1028 914 ‘Aristophanes
1042 853 1128 914 vesp.
1146 830 1245 894 1396:

256 939 297 1002 οὔ
319 961 371 1002 τοι
388 936 438 1021 ’μὰ
461 938 506 1000 τὼ
529 938 599 1002 θεὼ
622 935 832 1021 καταπροίξει
856 939 1012 1022 Μυρτίας

257 1037 315 1126 τῆς
332 1041 550 1125 Ἀγκυλίωνος
572 1041 759 1127 θυγατέρος
782 1040 836 1128 (cf.
851 1043 956 1107 Plaut.
971 1042 1064 1108 Truc.
1083 1041 1174 1130 515),

89 1150 184 1233 quod
206 1172 273 1214 non
295 1151 402 1214 minus
426 1171 521 1233 saepe
545 1149 631 1232 apud
655 1148 818 1232 Herodam
843 1150 1038 1214 observatur.
1046 1147 1071 1235 2)

53 1248 57 1252 ’
187 1255 423 1340 Saepenumero
448 1260 544 1339 poeta
567 1256 676 1319 vultus
706 1260 881 1341 gestusque
904 1256 1069 1342 agentium
1094 1257 1164 1340 ipse
1187 1279 1277 1339 praa

89 1363 208 1427 scribit
235 1368 272 1428 ut
286 1363 373 1427 mim.
388 1360 429 1445 H,
445 1362 500 1426 74:
525 1367 636 1448 ystris,
659 1361 717 1446 VI,
731 1362 789 1425 44:
817 1365 851 1426 τί
876 1360 908 1444 μ’
937 1361 1107 1446 &adtinere
1135 1367 1277 1447 peterem

90 1468 134 1552 V,
150 1466 204 1552 25,
218 1469 274 1553 293
298 1466 372 1551 VII,
389 1468 466 1553 1223
490 1491 554 1551 qua
576 1490 610 1531 re
634 1468 789 1533 nimirum
812 1470 960 1533 alacritas
985 1469 1141 1552 quaedam
1155 1469 1277 1533 carmi·

89 1575 190 1638 nibus
214 1575 357 1639 addatur.
404 1574 545 1638 Maxime
568 1580 676 1639 autem
704 1576 766 1640 hae
793 1576 885 1638 reid
912 1577 1083 1658 spectavit,
1110 1579 1148 1639 ut
1170 1579 1277 1639 mutas

91 1703 178 1763 quae
201 1681 398 1744 inducuntur
419 1702 573 1764 personas
597 1681 803 1764 describeret,
830 1705 871 1745 ne
899 1683 991 1764 quasi
1014 1681 1147 1746 umbrae
1171 1686 1277 1745 essent

91 1788 185 1850 omni
199 1788 354 1872 sanguine
369 1791 522 1870 carentes,
545 1787 632 1869 quod
647 1788 717 1851 fieri
735 1809 802 1851 non
815 1791 942 1871 poterat
960 1787 1023 1850 nisi
1041 1810 1099 1870 per
1116 1788 1189 1852 illas
1206 1810 1278 1871 per-

91 1915 199 1977 sonas,
223 1893 339 1976 quibus
362 1894 461 1958 verba
479 1898 575 1976 poeta
594 1893 822 1976 impertiverat.
860 1892 905 1956 Et
922 1897 1013 1957 tanta
1031 1898 1100 1958 arte
1122 1898 1277 1976 tantaque

92 2001 230 2063 veritate
253 2000 316 2064 hoc
338 2000 487 2084 perfecit,
514 2004 552 2063 ut
575 2020 644 2082 eos,
668 2002 724 2082 qui
747 2023 787 2063 ne
810 1998 944 2063 verbum
968 2000 1099 2082 quidem
1123 1998 1276 2086 dicunt3),

92 2106 160 2169 tuis
174 2105 236 2169 tibi
251 2107 353 2170 oculis
368 2106 552 2189 conspicere
562 2104 741 2191 videaris.4)
778 2105 890 2171 Nolim
909 2111 1018 2169 tamen
1032 2106 1108 2172 hinc
1126 2106 1277 2172 concludi

93 2213 128 2275 in
152 2234 266 2276 scaena
290 2212 431 2277 carmina
455 2233 523 2276 esse
546 2217 617 2277 acta
640 2235 659 2276 a
683 2212 903 2297 compluribus
926 2212 1099 2295 actoribus,
1122 2234 1204 2295 quae
1228 2217 1277 2276 est

94 2318 254 2382 sententia
281 2316 386 2382 Crusii
410 2315 458 2404 (in
481 2319 626 2383 translat.
640 2341 670 2401 p.
685 2317 865 2405 XXXVII).
920 2317 1024 2382 Immo
1053 2317 1140 2401 quod
1168 2319 1276 2383 omnia

93 2429 248 2506 tanquam
267 2426 341 2488 viva
359 2429 434 2489 ante
458 2426 568 2489 oculos
592 2430 831 2509 proponuntur,
853 2427 917 2490 hoc
939 2425 1010 2508 ipso
1034 2425 1172 2490 artificio
1197 2426 1276 2490 scite

95 2531 215 2595 cavisse
243 2532 337 2595 credo
365 2535 509 2614 poetam,
540 2554 581 2595 ne
608 2531 812 2617 languidiora
839 2533 981 2597 carmina
1008 2532 1131 2596 fierent.
1183 2530 1275 2596 Certe

96 2659 318 2720 personarum,
350 2637 378 2699 si
405 2658 440 2699 re
467 2658 542 2700 vera
569 2638 603 2700 in
631 2659 778 2701 scaenam
810 2638 1005 2721 prodissent,
1032 2642 1099 2702 tam
1128 2642 1276 2703 accurate

95 2743 200 2825 ipsum
228 2746 357 2825 poetam
380 2742 490 2805 vultus
514 2747 687 2826 gestusque
710 2744 925 2809 indicaturum
948 2744 1048 2808 fuisse
1071 2766 1186 2827 parum
1210 2765 1275 2808 cre

96 2849 192 2912 dibile
215 2852 305 2931 puto.
341 2846 424 2912 Tum
442 2849 506 2913 hoc
529 2870 657 2932 quoque
676 2851 811 2915 alicuius
830 2852 986 2914 momenti
1010 2855 1068 2934 est,
1091 2850 1178 2935 quod
1195 2872 1275 2915 nour

185 3044 211 3109 1)
229 3039 294 3095 Vid.
314 3039 394 3094 Kock
414 3040 451 3093 ad
465 3041 607 3110 Aristoph.
629 3057 672 3095 av.
694 3047 762 3095 1579
783 3059 846 3096 cum
864 3041 1071 3097 Hemsterhusii
1090 3043 1274 3096 adnotatione

99 3127 420 3183 adPlutiv.1195hac:
441 3129 571 3196 ‘quando
590 3130 619 3182 in
639 3145 770 3184 scaenam
785 3130 895 3197 aliquid
913 3130 1032 3200 proferri
1047 3131 1158 3199 sibique
1167 3130 1275 3199 porrigi

96 3217 248 3286 postulant,
261 3216 321 3271 fere
329 3217 490 3286 legitimum
500 3220 543 3271 est
552 3216 625 3272 δότω
635 3239 685 3285 τις,
701 3218 804 3274 ἐκδότω
815 3221 876 3282 τις)
905 3219 1055 3289 Aristoph.
1066 3235 1108 3274 av.
1126 3224 1203 3286 1693,
1212 3235 1272 3272 ran.

97 3313 154 3360 871.
165 3311 235 3361 1304
244 3322 321 3375 vesp.
332 3311 398 3373 5293
417 3306 499 3361 adice
514 3307 690 3361 simillimum
703 3307 876 3376 Antiphanis
890 3308 984 3364 locum
998 3307 1272 3377 (fr.74,7Hp.41K):

97 3395 145 3460 ἔξω
167 3415 209 3459 τις
231 3393 303 3450 δότω
323 3394 425 3464 ἱμάντα
443 3394 549 3466 ταχέως
567 3392 636 3450 οἷον.
661 3428 695 3435 -
714 3396 777 3449 Huc
799 3396 923 3465 pertinet
946 3396 1033 3452 etiam
1056 3414 1123 3450 usus
1142 3394 1273 3449 vocabuli

98 3484 247 3539 ἐκποδών
278 3483 378 3537 localis
410 3484 475 3539 Her.
500 3485 577 3538 mim.
601 3484 648 3553 VI,
674 3490 719 3537 15:
754 3484 908 3538 ἐκποδὼν
940 3480 1008 3554 ἧμιν
1040 3480 1211 3553 ebrietatis,
1237 3483 1274 3539 cf.

99 3572 236 3640 Aristoph.
253 3588 315 3639 equ.
331 3577 396 3626 957:
417 3569 538 3640 ἀπόφερ’
560 3573 728 3639 ἐκποδών,
754 3579 836 3626 1151:
856 3570 941 3642 ἄπαγ’
963 3574 991 3637 ἐς
1010 3570 1153 3647 μακαρίαν
1172 3573 1272 3627 ἐκπο-

97 3661 172 3726 δών,
192 3659 257 3713 aliis
270 3661 373 3714 multis
392 3661 470 3715 locis.

182 3752 209 3818 2)
229 3748 263 3803 cf.
279 3749 301 3817 Ι,
316 3754 358 3802 90.
387 3749 420 3818 H,
436 3757 451 3804 5
467 3750 502 3803 al.
528 3750 659 3805 Fortasse
682 3751 757 3804 hunc
784 3768 866 3803 usum
893 3751 1007 3818 utrique
1036 3752 1215 3820 sumpserunt
1238 3766 1272 3803 ex

98 3837 204 3906 vulgari
225 3853 328 3906 genere
348 3838 474 3892 dicendi:
495 3838 529 3892 cf.
544 3838 668 3908 Hippon.
680 3840 713 3892 fr.
729 3845 772 3906 22,
788 3845 830 3893 23.
867 3838 967 3906 Neque
986 3838 1133 3908 stragicis
1147 3839 1271 3893 alienum

99 3928 139 3979 est
158 3924 293 3980 maiorem
317 3926 358 3980 sic
385 3927 508 3981 sermoni
531 3927 686 3982 attribuere
710 3929 893 3997 gravitatem,
918 3927 953 3981 cf.
969 3927 1052 3997 Soph.
1067 3927 1111 3981 Ai.
1127 3932 1174 3981 98:
1203 3923 1268 3982 ὥστ’

99 4010 191 4066 οὔποτ’
211 4009 321 4067 Αἴανθ’
342 4011 399 4067 οἵδ’
421 4011 588 4084 drrpdoovo'
609 4016 656 4070 ln.

180 4106 207 4170 3)
227 4101 282 4155 Sed
301 4101 365 4157 vide
384 4102 471 4156 etiam
485 4104 561 4158 mim.
576 4103 611 4171 V,
626 4109 668 4158 31.

180 4194 207 4260 4)
226 4190 261 4243 cf.
273 4188 386 4243 Orusius
395 4191 414 4244 l.
423 4209 444 4245 c.
454 4210 480 4261 p.
491 4191 581 4246 XVlI:
603 4193 694 4246 ‘Auch
709 4193 756 4247 die
769 4193 914 4262 lauernde,
928 4193 1139 4248 heuchlerische
1153 4192 1270 4246 Diener-

100 4278 184 4332 sebast
193 4310 227 4318 —
237 4278 466 4346 Knechtsseelen,
484 4281 538 4335 vie
553 4282 594 4336 sie
608 4282 686 4335 diese
700 4281 838 4351 Despotin
856 4282 985 4337 verdient
999 4314 1033 4321 -
1046 4281 1105 4335 und
1120 4281 1166 4334 die
1181 4297 1270 4352 ganas

98 4366 240 4436 verlogene
258 4367 418 4422 Schiefheit
440 4368 490 4422 der
507 4369 701 4425 Verbaltnisse
724 4371 776 4425 hat
798 4371 848 4425 der
866 4371 984 4426 Dichter
1005 4371 1060 4425 mit
1074 4368 1157 4439 jener
1174 4369 1269 4424 feinen

100 4455 349 4510 aurfickhaltenden
368 4457 460 4510 Kunst
478 4457 662 4526 geaeichnet.’
