2996 5088
257 354 337 413 Min.
349 354 371 422 Ι,
392 360 433 420 16,
453 360 533 422 21sq.
740 395 784 402 -.
831 358 873 420 10
917 395 962 404 ..-

346 532 559 617 Praecipuum
587 539 694 598 autem
722 535 838 598 vitium
866 555 903 599 ac
927 535 1065 599 maxime
1092 534 1237 596 lenamm
1264 533 1444 616 proprium

256 639 322 722 illa,
335 662 417 724 quae
427 641 462 704 in
471 638 579 704 Plauti
591 638 770 704 Cistellaria
784 641 902 724 prodit,
916 640 988 723 ipsa
1000 641 1101 704 libere
1115 639 1274 703 iudicatu.
1287 638 1366 735 120:
1488 702 1489 705 ,

268 796 274 808 ·
300 780 389 845 Idem
413 782 525 846 mihist
548 781 635 865 quod
657 804 793 868 magnae
816 784 902 865 parti
924 783 1040 846 vitium
1064 782 1235 845 mulierum

301 887 389 964 Quae
412 886 499 952 huno
522 893 691 971 quaestum
714 888 864 952 facimus:
888 910 970 971 quae
993 888 1050 952 ubi
1073 888 1257 952 saburratae
1280 909 1395 950 sumus

299 993 513 1078 Larffl‘loquae
537 995 700 1078 extemplo
725 1017 845 1078 sumus,
868 995 942 1078 plus
965 995 1130 1077 loquimur
1147 1016 1244 1077 quarn
1269 998 1318 1057 sat
1342 998 1403 1058 est.
1487 1076 1488 1079 Ἴ

344 1153 503 1218 Lenarum
551 1155 689 1218 orationi
735 1156 859 1237 puellas
905 1155 1099 1219 tentantium
1145 1154 1253 1217 tribuo
1294 1152 1437 1217 Philem.

252 1256 401 1325 Pancrat.
420 1259 473 1342 53,
491 1258 524 1324 Π
541 1283 574 1343 p.
587 1259 703 1324 491K:

414 1402 538 1466 ααύτόν
561 1425 593 1466 τι
616 1402 785 1487 πράττειν·
809 1402 849 1465 ού
873 1405 978 1485 μόνον
1001 1404 1058 1478 τὰς
1081 1400 1217 1477 ἐλπίδας

413 1505 468 1571 ἐπὶ
490 1517 529 1593 τῇ
552 1508 635 1597 τύχχ
659 1511 730 1592 χρή,
754 1510 932 1592 παιδίον,
956 1510 1087 1601 πάντας
1110 1505 1198 1592 ἔχειν

413 1608 461 1678 ὧν
484 1615 642 1696 βούλεταί
662 1638 722 1697 τις,
746 1613 829 1678 ἀλλὰ
852 1614 976 1680 καύτὸν
999 1625 1037 1700 τῇ
1061 1616 1143 1700 τύχῃ

412 1721 723 1803 συλλαμβάνεσθαι·
747 1721 831 1806 ῥᾷον
854 1722 873 1804 ἡ
897 1722 978 1804 τύχη
1002 1731 1108 1803 πονεῖ,

413 1824 472 1891 έόιν
494 1824 570 1908 μεθ’
599 1824 714 1910 ἑτέρον
738 1836 847 1909 τοῦτο,
870 1828 915 1911 μὴ
937 1829 1033 1910 μόνη,
1055 1837 1143 1912 ποιῇ.

251 1987 413 2070 Loquitur
453 1986 508 2050 hic
545 1987 747 2051 conciliatrix
784 1988 837 2051 vel
872 1988 982 2052 nutrix
1019 1987 1141 2070 aliqua3
1182 1985 1301 2051 τέκνον
1341 1988 1429 2051 enim

252 2092 417 2156 sollemnis
444 2092 511 2157 fere
539 2092 742 2156 alumnarum
774 2115 793 2156 a
819 2094 998 2158 nutricibus
1026 2090 1241 2178 appellatio.1)
1298 2091 1429 2177 Optime

252 2201 359 2262 autem
383 2197 582 2263 Philemonis
605 2199 703 2262 verba
725 2199 963 2263 adorationem
982 2199 1117 2263 nutricis
1137 2203 1212 2282 apta
1231 2203 1307 2262 sunt
1327 2200 1428 2264 alum-

250 2325 325 2368 nam
349 2305 559 2387 adhortantis,
581 2326 622 2367 ne
645 2305 741 2369 nimis
765 2306 915 2369 adversus
938 2306 1157 2370 adulescentes
1180 2304 1295 2369 timida
1317 2306 1367 2369 sit.

341 2408 404 2474 Sed
426 2411 592 2475 redeamus
616 2411 657 2474 ad
679 2412 786 2494 ipsum
805 2411 976 2476 Herodam.
1025 2409 1129 2494 Gyllis
1152 2412 1298 2475 vicorum
1320 2412 1425 2475 lutum

250 2521 283 2580 et
305 2518 487 2599 squalorem
511 2521 675 2582 exsecrata
698 2521 896 2582 senectutem
920 2518 1127 2600 conqueritur
1146 2541 1174 2582 v.
1197 2515 1251 2581 15:

455 2656 519 2741 ἐγὼ
544 2659 582 2723 dt
605 2660 730 2744 ὃραίνω
753 2658 822 2740 μυί
851 2659 945 2723 ὅσον·
969 2661 1006 2723 τὸ
1030 2655 1093 2744 γὰρ
1118 2669 1221 2744 γῆρας

454 2763 555 2847 ἡμέας
578 2765 733 2829 ααθέλαει
757 2766 797 2847 χή
821 2766 896 2847 σκιὴ
919 2764 1133 2849 παρέστηκεν.

250 2921 348 2988 Senes
385 2928 492 2987 autern
524 2923 707 2987 molestiam
746 2924 920 2987 senectutis
956 2924 1168 2988 lamentantes
1201 2947 1298 3008 quam
1331 2948 1422 3010 saepe

247 3026 365 3095 'cornici
379 3029 574 3112 induxerint,
598 3029 703 3093 adhuc
726 3033 899 3113 comparet.
936 3029 977 3095 cf.
991 3027 1101 3094 Crates
1115 3023 1153 3094 fr'.
1169 3032 1220 3114 39,
1234 3030 1250 3095 l
1263 3055 1294 3116 p.
1312 3032 1408 3096 1421<
1413 3057 1420 3096 :

409 3171 427 3235 ὁ
451 3172 514 3257 γὰρ
538 3174 656 3256 χρόνος
678 3169 710 3253 μ’
730 3169 864 3256 ἔκαμψε,
887 3171 1011 3237 τέκτων
1033 3173 1095 3256 μὲν
1118 3175 1233 3259 σοφός,

409 3278 538 3341 ἅπαντα
563 3276 593 3341 d'
620 3275 837 3363 ἐργαζόμενος
859 3277 1125 3364 ἀσθενέστερα.’)

249 3435 343 3512 Quod
374 3436 538 3501 distichon
570 3434 691 3501 Crateti
724 3437 837 3521 cynico
868 3436 957 3501 dedit
983 3436 1100 3502 Nauck
1121 3442 1161 3502 tr.
1176 3459 1222 3523 gr.
1237 3436 1333 3522 fr.²p‚
1349 3440 1417 3504 810.

248 3541 340 3606 Adde
358 3542 481 3626 Diphil.
498 3543 550 3628 83,
563 3542 595 3607 Π
615 3566 645 3627 p.
660 3542 776 3608 569K:

407 3686 523 3761 πολιὸς
545 3687 694 3769 τεχνίτης
717 3683 812 3749 ἐστίν
832 3686 850 3750 ὁ
874 3689 1002 3771 χρόνος,
1026 3681 1051 3749 ὦ
1076 3685 1160 3763 ξένε·

408 3793 514 3875 χαίρει
536 3792 770 3875 μεταπίοίττων
793 3792 918 3867 πάντας
940 3789 994 3855 ἐπί
1017 3792 1057 3855 τὰ
1080 3793 1222 3876 χείρονα.

248 3950 386 4016 Philem.
401 3951 473 4033 125,
486 3949 518 4014 H
536 3975 567 4035 p.
581 3950 697 4015 518K:

409 4093 515 4177 Σύρα,
539 4094 649 4178 Σύρα.
672 4092 714 4157 B:
737 4095 773 4157 τί
792 4091 875 4177 ἔστα
898 4091 944 4156 A:
967 4104 1037 4168 πῶς
1059 4093 1138 4175 ἡμῖν
1161 4095 1257 4177 έχεις;

338 4288 364 4353 1)
384 4284 419 4338 ct.
434 4283 529 4351 Eurip.
545 4284 660 4353 Hippol.
675 4289 735 4338 203.
751 4290 811 4338 223.
827 4289 888 4338 297.
929 4281 1048 4341 παιδίον
1071 4285 1225 4339 secuudum
1247 4285 1331 4340 Arist.
1353 4286 1411 4354 Byr.

248 4372 428 4442 appellantur
446 4372 540 4440 quoad
559 4389 576 4426 a
594 4373 704 4427 nutrice
723 4374 845 4427 aluntur.

337 4464 364 4530 2)
384 4461 418 4517 cf.
434 4460 533 4531 Sophr.
546 4461 581 4520 fr.
595 4468 630 4516 64
648 4461 758 4516 Kaibel.
