2996 5088
728 315 981 385 „,4..‘

234 497 411 561 clausulam
445 499 624 582 imponeret
661 499 871 583 carminibus,
904 502 939 565 in
965 503 1029 566 fine
1062 503 1315 587 uniuscuiusque
1347 506 1416 569 fere

232 603 413 667 mimiambi
443 604 650 688 proverbium
674 606 806 691 aliquod
828 608 881 671 vel
904 608 983 672 scite
1007 609 1129 673 dictum
1152 611 1309 674 collocare
1333 613 1416 675 sole·
1484 690 1485 701 ,

233 706 336 795 bat¹):
358 710 526 793 prudentis
549 715 668 796 poetae
687 714 819 791 manum
841 713 948 777 ubivis
971 736 1135 800 agnoscas.

322 815 360 879 Iu
388 815 667 885 similitudinibus
683 816 784 906 igitur
811 821 995 884 comoediae
1024 822 1201 891 statuendis
1228 845 1269 886 ne
1292 827 1415 887 temere
1484 890 1485 893 ,

232 944 383 1008 agamus,
415 945 488 988 curn
515 923 579 989 hoc
606 926 677 1009 ipso
701 926 747 988 ‘de
770 930 838 990 arte
864 925 1012 991 Herodae
1039 929 1253 1012 impediamur
1283 930 1415 1013 iudicio,
1471 925 1473 929 ’

232 1032 303 1092 tum
331 1030 406 1093 inde
434 1051 577 1114 quoque,
610 1032 697 1115 quod
730 1033 827 1096 etiam
855 1034 883 1096 si
913 1034 969 1115 qui
1001 1034 1196 1098 mimiambis
1229 1036 1414 1100 simillimus

233 1135 415 1200 comoediae
451 1138 542 1202 locus
579 1138 770 1221 reperiatur,
806 1143 915 1203 tamen
952 1141 1151 1204 comicumne
1188 1145 1262 1205 ante
1302 1142 1414 1206 oculos

231 1241 382 1306 habuerit
404 1248 501 1326 poeta
519 1266 574 1326 111,
606 1267 625 1308 1
653 1265 791 1329 quorum
819 1250 887 1309 arte
916 1247 1057 1311 carmina
1085 1269 1142 1311 sua
1165 1248 1233 1331 ipse
1256 1248 1415 1330 inscribit,

232 1349 405 1412 mimorum
437 1350 546 1433 potius
584 1351 788 1434 scriptorem,
825 1351 961 1437 singulis
997 1353 1078 1417 locis
1111 1358 1198 1417 certo
1231 1356 1331 1421 statui
1358 1355 1415 1418 vix

231 1460 347 1538 potest.
373 1454 436 1519 Sed
449 1455 577 1521 inhanc
590 1479 659 1520 rem
672 1455 769 1521 liceat
777 1458 871 1522 nobis
881 1460 1019 1541 paucula
1028 1460 1185 1541 quaedam
1199 1480 1412 1524 commonere.

321 1558 430 1645 Atque
454 1564 543 1626 ο111111
572 1564 703 1645 quidem
728 1585 909 1628 scurrarum
933 1586 971 1628 ac
993 1567 1277 1651 praestigiatorum
1301 1568 1412 1651 generi

232 1668 350 1731 mirum
379 1669 414 1733 in
440 1669 572 1749 modum
596 1671 661 1733 11111
685 1671 864 1753 antiquitus
889 1669 1001 1736 Graeci
1023 1672 1184 1736 favebant.
1229 1671 1411 1737 Plurimum
1488 1710 1489 1763 p

231 1779 340 1838 autem
359 1775 445 1859 apud
463 1774 566 1839 Dores
594 1797 645 1839 ars
673 1777 803 1840 illorum
826 1778 977 1860 invaluit,
1005 1779 1061 1861 qui
1083 1800 1236 1861 personas
1260 1779 1411 1844 ridiculas

231 1880 371 1964 agebant
394 1885 427 1944 et
450 1881 581 1964 quaevis
604 1883 759 1947 iocularia
783 1905 822 1946 ex
845 1888 989 1967 ternpore
1012 1884 1227 1967 proferebant.
1475 1972 1478 1977 1

322 1986 374 2050 Ex
410 1985 578 2051 Athenaeo
619 1985 712 2074 (XIV
735 1986 859 2074 6210)
899 1995 1026 2053 constat
1063 1990 1211 2055 homines
1249 1991 1412 2073 ridiculos,

232 2093 289 2176 qui
312 2115 425 2179 graece
453 2094 605 2181 μαγῳδοί
627 2093 824 2178 dicebantur,
851 2096 995 2160 imitatos
1019 2118 1087 2160 esse
1110 2098 1190 2161 ποτὲ
1211 2098 1273 2179 μὲν
1296 2107 1412 2180 γυναῖ-

231 2223 290 2276 κας
319 2198 402 2284 [καὶ]
430 2202 568 2283 μοιχοὺς
595 2201 651 2264 καὶ
677 2202 902 2286 μαστροπούς,
930 2203 1010 2266 ποτὲ
1037 2203 1075 2266 δὲ
1103 2203 1209 2288 ἄνδρα
1240 2205 1412 2285 μεθύοντα

232 2304 288 2369 καὶ
316 2303 369 2370 ἐπὶ
401 2316 513 2389 κῶμον
543 2309 812 2391 παραγινόμενον
839 2308 922 2392 πρὸς
955 2309 1016 2390 τὴν
1047 2306 1256 2393 ἐμωμὲνην.2)
1311 2309 1410 2374 Recte

232 2416 340 2475 autem
368 2416 466 2496 negat
494 2409 530 2475 0.
551 2410 682 2476 Orusius
706 2434 782 2477 casu
805 2414 888 2497 fieri,
916 2418 953 2477 ut
980 2415 1064 2504 inter
1091 2415 1236 2480 mimicas
1259 2416 1318 2479 has
1340 2439 1410 2500 per-

231 2539 326 2582 sonas
350 2519 447 2582 atiam
470 2519 544 2582 lena
572 2523 719 2583 occurrat
746 2521 830 2584 sicut
852 2520 887 2584 in
908 2520 1014 2604 primo
1042 2520 1229 2585 mimiambo
1255 2521 1410 2586 Herodae.

232 2624 433 2707 Quamquam
442 2624 707 2708 interestaliquid
715 2626 799 2690 inter
807 2628 944 2690 alterurn
959 2632 1185 2713 argumentum
1193 2629 1234 2691 ab
1241 2627 1409 2692 Athenaeo

231 2732 458 2795 adumbratum
482 2737 514 2795 et
536 2732 579 2815 id,
604 2732 692 2814 quod
715 2738 764 2796 est
786 2734 821 2796 in
844 2734 983 2797 secundo
1003 2733 1151 2797 Herodae
1170 2736 1319 2817 carmine,
1342 2736 1410 2799 illie

129 2880 130 2884 =
231 2839 317 2902 enim
342 2838 381 2901 de
403 2842 562 2902 nocturna
590 2838 830 2922 comissatione,
861 2840 916 2903 hic
944 2841 1041 2903 etiam
1065 2840 1104 2902 dc
1131 2841 1278 2923 raptione
1311 2842 1409 2905 scorti

231 2946 348 3031 agitur.
395 2944 502 3021 Quid?
527 2945 623 3028 quod,
646 2967 728 3027 quae
748 2944 1408 3033 1118011111111111111111111111111111103)

230 3072 395 3135 personae,
419 3050 548 3115 eaedem
567 3052 771 3133 reperiuntur
794 3051 880 3135 apud
903 3052 1065 3117 comicos?
1102 3051 1151 3116 Ac
1168 3054 1260 3116 lenae
1279 3054 1407 3137 quidem

231 3157 410 3222 describere
437 3178 607 3241 personam
641 3158 772 3223 comicis
803 3181 899 3241 quam
931 3159 1029 3223 fuerit
1061 3160 1096 3222 in
1128 3159 1264 3242 deliciis,
1293 3183 1332 3223 ex
1359 3161 1408 3242 iis,

232 3286 314 3347 quae
339 3262 379 3326 ad
402 3262 521 3327 miml
545 3264 629 3327 infra
653 3264 854 3347 disseremus,
877 3265 955 3328 satis
979 3266 1154 3348 apparebit.
1192 3263 1407 3330 Comissantes

231 3374 340 3434 autem
364 3370 428 3433 iam
447 3367 682 3454 Aristophanes
701 3370 843 3435 comicus
863 3371 1000 3453 induxit,
1023 3376 1060 3434 ut
1078 3372 1113 3434 in
1130 3370 1227 3435 Pluto
1243 3369 1345 3458 (1038
1356 3370 1406 3459 sq)

231 3475 380 3540 iuvenem
404 3498 477 3540 cum
501 3497 620 3540 corona
643 3480 675 3540 et
697 3476 821 3541 facibus
845 3476 880 3540 in
902 3498 1049 3541 scaenam
1076 3477 1288 3559 prodeuntem
1312 3483 1407 3561 atque
1488 3536 1489 3543 ,

230 3583 357 3665 puellae
377 3587 607 3664 occurrentem,
631 3582 665 3644 in
683 3583 790 3665 vespis
809 3582 1051 3647 Philocleonem
1075 3605 1182 3646 senem
1206 3584 1407 3667 inebriatum,
1487 3556 1489 3637 l

323 3813 348 3878 1)
368 3809 402 3863 cf.
417 3809 493 3862 mim.
509 3809 543 3877 Π,
559 3813 622 3861 100:
1078 3815 1081 3821 '
1487 3804 1489 3933 4

766 3898 804 3958 ὡς
822 3896 837 3951 ὁ
858 3897 933 3965 Φρὺξ
951 3897 986 3950 τὰ
1005 3906 1058 3950 νῦν
1077 3898 1143 3965 ὑμῖν

497 3986 611 4055 πληγεὶς
630 3981 752 4055 ἀμείνων
772 3983 865 4052 ἔσσετ’,
885 3985 915 4040 sl‘
928 4006 955 4039 τι
973 3985 1009 4054 μὴ
1031 3986 1135 4054 ψεῦδος

501 4075 531 4128 ἐκ
548 4082 604 4127 τῶν
623 4077 751 4127 παλαιῶν
770 4074 787 4143 ἡ
806 4071 942 4143 παροιμίη
962 4073 1046 4144 βάζει.

231 4163 267 4217 cf.
282 4163 357 4215 mim.
372 4162 420 4229 IV,
436 4168 482 4229 943
501 4162 535 4228 V,
552 4167 616 4228 1023
634 4162 694 4230 VII,
711 4168 770 4216 128.

321 4255 347 4321 2)
368 4251 403 4305 cf.
419 4250 531 4305 Orosius
551 4252 656 4306 Ualero.
675 4270 702 4319 p.
718 4256 760 4304 27.

322 4343 348 4410 3)
368 4340 497 4395 Ceterum
512 4340 599 4394 etiam
614 4340 691 4408 apud
705 4340 798 4408 ipsum
808 4340 980 4409 Sophronem
996 4338 1177 4410 ‘pucvpmaig’
1192 4343 1367 4396 memorabat
1402 4385 1407 4397 .

230 4428 267 4483 cf.
283 4428 357 4483 infra
371 4448 398 4498 p.
414 4436 439 4483 8.
1033 4440 1038 4451 “
