<?xml version="1.0" encoding="UTF-8"?>
<!DOCTYPE html PUBLIC "-//W3C//DTD XHTML 1.0 Transitional//EN"
    "http://www.w3.org/TR/xhtml1/DTD/xhtml1-transitional.dtd">
<html xmlns="http://www.w3.org/1999/xhtml" xml:lang="en" lang="en">
 <head>
  <title>
</title>
<meta http-equiv="Content-Type" content="text/html;charset=utf-8" />
  <meta name='ocr-system' content='tesseract 3.04.00' />
  <meta name='ocr-capabilities' content='ocr_page ocr_carea ocr_par ocr_line ocrx_word'/>
</head>
<body>
  <div class='ocr_page' id='page_1' title='image "./herodasinmimiam01krakgoog_0036.png"; bbox 0 0 2996 5088; ppageno 0'>
   <div class='ocr_carea' id='block_1_1' title="bbox 62 320 774 387">
    <p class='ocr_par' dir='ltr' id='par_1_1' title="bbox 62 320 774 387">
     <span class='ocr_line' id='line_1_1' title="bbox 62 320 774 387; baseline -0.006 -14"><span class='ocrx_word' id='word_1_1' title='bbox 62 320 205 373; x_wconf 76' lang='lat' dir='ltr'><strong>Mimrn.</strong></span> <span class='ocrx_word' id='word_1_2' title='bbox 555 362 596 369; x_wconf 84' lang='lat'><strong>..</strong></span> <span class='ocrx_word' id='word_1_3' title='bbox 643 324 684 387; x_wconf 86' lang='lat'><strong>31</strong></span> <span class='ocrx_word' id='word_1_4' title='bbox 733 361 774 369; x_wconf 69' lang='grc'><strong>-</strong></span> 
     </span>
    </p>
   </div>
   <div class='ocr_carea' id='block_1_2' title="bbox 62 499 1248 1224">
    <p class='ocr_par' dir='ltr' id='par_1_2' title="bbox 62 499 1247 693">
     <span class='ocr_line' id='line_1_2' title="bbox 63 499 1247 586; baseline 0.004 -23"><span class='ocrx_word' id='word_1_5' title='bbox 63 502 115 563; x_wconf 87' lang='lat' dir='ltr'><strong>ita</strong></span> <span class='ocrx_word' id='word_1_6' title='bbox 153 504 190 564; x_wconf 92' lang='lat' dir='ltr'><strong>ut</strong></span> <span class='ocrx_word' id='word_1_7' title='bbox 226 499 282 564; x_wconf 91' lang='lat' dir='ltr'><strong>illa</strong></span> <span class='ocrx_word' id='word_1_8' title='bbox 318 499 466 564; x_wconf 80' lang='lat' dir='ltr'>Alexidis</span> <span class='ocrx_word' id='word_1_9' title='bbox 501 500 612 564; x_wconf 84' lang='lat' dir='ltr'><strong>fabula</strong></span> <span class='ocrx_word' id='word_1_10' title='bbox 648 501 809 583; x_wconf 86' lang='lat' dir='ltr'><strong>quandam</strong></span> <span class='ocrx_word' id='word_1_11' title='bbox 845 501 1034 586; x_wconf 77' lang='lat' dir='ltr'>Epicharmi</span> <span class='ocrx_word' id='word_1_12' title='bbox 1065 504 1247 568; x_wconf 83' lang='lat' dir='ltr'><strong>fabularum</strong></span> 
     </span>
     <span class='ocr_line' id='line_1_3' title="bbox 62 599 873 693; baseline 0.001 -23"><span class='ocrx_word' id='word_1_13' title='bbox 62 607 236 671; x_wconf 86' lang='lat' dir='ltr'><strong>notionem</strong></span> <span class='ocrx_word' id='word_1_14' title='bbox 260 607 465 690; x_wconf 90' lang='lat' dir='ltr'><strong>suppeditare</strong></span> <span class='ocrx_word' id='word_1_15' title='bbox 488 607 642 671; x_wconf 85' lang='lat' dir='ltr'><strong>rideatur.</strong></span> <span class='ocrx_word' id='word_1_16' title='bbox 650 605 674 693; x_wconf 85' lang='grc'><strong>1)</strong></span> <span class='ocrx_word' id='word_1_17' title='bbox 869 599 873 604; x_wconf 47' lang='lat'><strong>⁴</strong></span> 
     </span>
    </p>

    <p class='ocr_par' dir='ltr' id='par_1_3' title="bbox 65 711 1248 1224">
     <span class='ocr_line' id='line_1_4' title="bbox 161 711 1247 800; baseline 0.004 -24"><span class='ocrx_word' id='word_1_18' title='bbox 161 711 310 777; x_wconf 83' lang='lat' dir='ltr'><strong>Ceterum</strong></span> <span class='ocrx_word' id='word_1_19' title='bbox 333 715 398 777; x_wconf 91' lang='lat' dir='ltr'><strong>iam</strong></span> <span class='ocrx_word' id='word_1_20' title='bbox 420 713 635 798; x_wconf 79' lang='lat' dir='ltr'><strong>Epicharmus</strong></span> <span class='ocrx_word' id='word_1_21' title='bbox 659 714 693 777; x_wconf 93' lang='lat' dir='ltr'><strong>id</strong></span> <span class='ocrx_word' id='word_1_22' title='bbox 716 719 942 799; x_wconf 70' lang='lat' dir='ltr'><strong>argumentum</strong></span> <span class='ocrx_word' id='word_1_23' title='bbox 967 715 1118 781; x_wconf 85' lang='lat' dir='ltr'><strong>detractis</strong></span> <span class='ocrx_word' id='word_1_24' title='bbox 1142 717 1247 800; x_wconf 89' lang='lat' dir='ltr'><strong>mythi</strong></span> 
     </span>
     <span class='ocr_line' id='line_1_5' title="bbox 65 819 1248 904; baseline 0.003 -22"><span class='ocrx_word' id='word_1_25' title='bbox 65 820 163 902; x_wconf 83' lang='lat' dir='ltr'><strong>quasi</strong></span> <span class='ocrx_word' id='word_1_26' title='bbox 177 819 351 883; x_wconf 86' lang='lat' dir='ltr'><strong>involucris</strong></span> <span class='ocrx_word' id='word_1_27' title='bbox 366 820 521 884; x_wconf 85' lang='lat' dir='ltr'><strong>advitam</strong></span> <span class='ocrx_word' id='word_1_28' title='bbox 536 820 743 884; x_wconf 77' lang='lat' dir='ltr'><strong>cottidianam</strong></span> <span class='ocrx_word' id='word_1_29' title='bbox 758 821 960 885; x_wconf 81' lang='lat' dir='ltr'><strong>transtulisse</strong></span> <span class='ocrx_word' id='word_1_30' title='bbox 974 823 1109 904; x_wconf 81' lang='lat' dir='ltr'><strong>ridetur,</strong></span> <span class='ocrx_word' id='word_1_31' title='bbox 1123 826 1160 886; x_wconf 91' lang='lat' dir='ltr'><strong>ut</strong></span> <span class='ocrx_word' id='word_1_32' title='bbox 1175 844 1248 887; x_wconf 92' lang='lat' dir='ltr'><strong>oon-</strong></span> 
     </span>
     <span class='ocr_line' id='line_1_6' title="bbox 65 924 1248 1021; baseline 0.004 -33"><span class='ocrx_word' id='word_1_33' title='bbox 65 926 181 1021; x_wconf 86' lang='lat' dir='ltr'><strong>cludas</strong></span> <span class='ocrx_word' id='word_1_34' title='bbox 210 947 249 989; x_wconf 84' lang='lat' dir='ltr'><strong>ex</strong></span> <span class='ocrx_word' id='word_1_35' title='bbox 276 924 445 1011; x_wconf 89' lang='lat' dir='ltr'><strong>Agrostini</strong></span> <span class='ocrx_word' id='word_1_36' title='bbox 472 928 654 1011; x_wconf 83' lang='lat' dir='ltr'><strong>fragmento</strong></span> <span class='ocrx_word' id='word_1_37' title='bbox 681 928 757 991; x_wconf 90' lang='lat' dir='ltr'><strong>hoc:</strong></span> <span class='ocrx_word' id='word_1_38' title='bbox 785 928 830 1003; x_wconf 83' lang='grc' dir='ltr'><strong>ὡς</strong></span> <span class='ocrx_word' id='word_1_39' title='bbox 852 930 952 1011; x_wconf 85' lang='grc' dir='ltr'><strong><em>ταχὺς</em></strong></span> <span class='ocrx_word' id='word_1_40' title='bbox 976 931 1134 1013; x_wconf 80' lang='grc' dir='ltr'><strong><em>Κόλαφος</em></strong></span> <span class='ocrx_word' id='word_1_41' title='bbox 1157 950 1248 1013; x_wconf 88' lang='grc' dir='ltr'><strong><em>περι-</em></strong></span> 
     </span>
     <span class='ocr_line' id='line_1_7' title="bbox 65 1030 1247 1120; baseline 0.003 -25"><span class='ocrx_word' id='word_1_42' title='bbox 65 1042 166 1097; x_wconf 79' lang='grc' dir='ltr'><strong><em>πατεῖ</em></strong></span> <span class='ocrx_word' id='word_1_43' title='bbox 188 1030 327 1118; x_wconf 54' lang='grc' dir='ltr'><strong><em>δίνοςῖ),</em></strong></span> <span class='ocrx_word' id='word_1_44' title='bbox 355 1032 483 1097; x_wconf 89' lang='lat' dir='ltr'><strong>doricus</strong></span> <span class='ocrx_word' id='word_1_45' title='bbox 506 1034 607 1119; x_wconf 86' lang='lat' dir='ltr'><strong>igitur</strong></span> <span class='ocrx_word' id='word_1_46' title='bbox 629 1037 725 1115; x_wconf 89' lang='lat' dir='ltr'><strong>poeta</strong></span> <span class='ocrx_word' id='word_1_47' title='bbox 747 1034 885 1116; x_wconf 82' lang='lat' dir='ltr'><strong>primus,</strong></span> <span class='ocrx_word' id='word_1_48' title='bbox 914 1040 1070 1116; x_wconf 91' lang='lat' dir='ltr'><strong>quantum</strong></span> <span class='ocrx_word' id='word_1_49' title='bbox 1094 1036 1247 1120; x_wconf 77' lang='lat' dir='ltr'><strong>cognosci</strong></span> 
     </span>
     <span class='ocr_line' id='line_1_8' title="bbox 66 1139 1244 1224; baseline 0.003 -23"><span class='ocrx_word' id='word_1_50' title='bbox 66 1142 192 1220; x_wconf 86' lang='lat' dir='ltr'><strong>potest,</strong></span> <span class='ocrx_word' id='word_1_51' title='bbox 219 1160 389 1222; x_wconf 89' lang='lat' dir='ltr'><strong>personam</strong></span> <span class='ocrx_word' id='word_1_52' title='bbox 417 1140 543 1224; x_wconf 90' lang='lat' dir='ltr'><strong>plagosi</strong></span> <span class='ocrx_word' id='word_1_53' title='bbox 571 1139 719 1224; x_wconf 80' lang='lat' dir='ltr'><strong>magistri</strong></span> <span class='ocrx_word' id='word_1_54' title='bbox 742 1142 914 1223; x_wconf 84' lang='lat' dir='ltr'><strong>expressit,</strong></span> <span class='ocrx_word' id='word_1_55' title='bbox 943 1142 1048 1223; x_wconf 87' lang='lat' dir='ltr'><strong>qualis</strong></span> <span class='ocrx_word' id='word_1_56' title='bbox 1072 1142 1169 1205; x_wconf 88' lang='lat' dir='ltr'><strong>etiam</strong></span> <span class='ocrx_word' id='word_1_57' title='bbox 1191 1140 1244 1204; x_wconf 90' lang='lat' dir='ltr'><strong>his</strong></span> 
     </span>
    </p>
   </div>
   <div class='ocr_carea' id='block_1_3' title="bbox 67 1244 1136 1562">
    <p class='ocr_par' dir='ltr' id='par_1_4' title="bbox 67 1244 1136 1562">
     <span class='ocr_line' id='line_1_9' title="bbox 67 1244 1120 1330; baseline 0.003 -23"><span class='ocrx_word' id='word_1_58' title='bbox 67 1245 185 1308; x_wconf 79' lang='lat' dir='ltr'><strong>incerti</strong></span> <span class='ocrx_word' id='word_1_59' title='bbox 208 1249 322 1327; x_wconf 87' lang='lat' dir='ltr'><strong>poetae</strong></span> <span class='ocrx_word' id='word_1_60' title='bbox 345 1245 491 1309; x_wconf 84' lang='lat' dir='ltr'><strong>versibus</strong></span> <span class='ocrx_word' id='word_1_61' title='bbox 515 1245 719 1310; x_wconf 89' lang='lat' dir='ltr'><strong>describitur:</strong></span> <span class='ocrx_word' id='word_1_62' title='bbox 743 1247 781 1309; x_wconf 89' lang='lat' dir='ltr'><strong>fr.</strong></span> <span class='ocrx_word' id='word_1_63' title='bbox 798 1247 871 1329; x_wconf 84' lang='lat'>161,</span> <span class='ocrx_word' id='word_1_64' title='bbox 885 1244 944 1329; x_wconf 84' lang='grc' dir='ltr'>ΙΙΙ,</span> <span class='ocrx_word' id='word_1_65' title='bbox 959 1270 989 1330; x_wconf 84' lang='lat' dir='ltr'><strong>p.</strong></span> <span class='ocrx_word' id='word_1_66' title='bbox 1004 1246 1120 1310; x_wconf 74' lang='grc'><strong>440111</strong></span> 
     </span>
     <span class='ocr_line' id='line_1_10' title="bbox 254 1367 1136 1454; baseline 0.002 -21"><span class='ocrx_word' id='word_1_67' title='bbox 254 1368 272 1433; x_wconf 86' lang='grc' dir='ltr'>ὁ</span> <span class='ocrx_word' id='word_1_68' title='bbox 297 1370 334 1434; x_wconf 73' lang='grc' dir='ltr'><strong>δὲ</strong></span> <span class='ocrx_word' id='word_1_69' title='bbox 357 1370 567 1452; x_wconf 77' lang='grc' dir='ltr'><strong><em>παιδαγωγὸς</em></strong></span> <span class='ocrx_word' id='word_1_70' title='bbox 590 1367 728 1445; x_wconf 76' lang='grc' dir='ltr'><strong><em>ἔνοπλος</em></strong></span> <span class='ocrx_word' id='word_1_71' title='bbox 752 1368 919 1453; x_wconf 78' lang='grc' dir='ltr'><strong><em>ἑπόμενος,</em></strong></span> <span class='ocrx_word' id='word_1_72' title='bbox 943 1382 1060 1454; x_wconf 80' lang='grc' dir='ltr'><strong><em>(μορῶν</em></strong></span> <span class='ocrx_word' id='word_1_73' title='bbox 1134 1375 1136 1379; x_wconf 79' lang='grc'><strong>’</strong></span> 
     </span>
     <span class='ocr_line' id='line_1_11' title="bbox 252 1474 867 1562; baseline 0.002 -23"><span class='ocrx_word' id='word_1_74' title='bbox 252 1476 477 1560; x_wconf 86' lang='grc' dir='ltr'><strong><em>βακτηρίανῆ</em></strong></span> <span class='ocrx_word' id='word_1_75' title='bbox 501 1486 621 1551; x_wconf 84' lang='grc' dir='ltr'><strong><em>σκῦτος</em></strong></span> <span class='ocrx_word' id='word_1_76' title='bbox 644 1474 681 1540; x_wconf 77' lang='grc' dir='ltr'><strong>ἐν</strong></span> <span class='ocrx_word' id='word_1_77' title='bbox 703 1485 743 1562; x_wconf 76' lang='grc' dir='ltr'><strong>τῇ</strong></span> <span class='ocrx_word' id='word_1_78' title='bbox 767 1475 867 1562; x_wconf 81' lang='grc' dir='ltr'><strong><em>δεξιᾷ.</em></strong></span> 
     </span>
    </p>
   </div>
   <div class='ocr_carea' id='block_1_4' title="bbox 68 1615 1247 2129">
    <p class='ocr_par' dir='ltr' id='par_1_5' title="bbox 68 1615 1247 2129">
     <span class='ocr_line' id='line_1_12' title="bbox 161 1615 1246 1701; baseline 0.001 -20"><span class='ocrx_word' id='word_1_79' title='bbox 161 1616 365 1693; x_wconf 76' lang='lat' dir='ltr'><strong>Quinetiam</strong></span> <span class='ocrx_word' id='word_1_80' title='bbox 389 1615 550 1701; x_wconf 81' lang='lat' dir='ltr'><strong>Socrates,</strong></span> <span class='ocrx_word' id='word_1_81' title='bbox 577 1621 615 1682; x_wconf 90' lang='lat' dir='ltr'><strong>ut</strong></span> <span class='ocrx_word' id='word_1_82' title='bbox 642 1617 795 1681; x_wconf 87' lang='lat' dir='ltr'><strong>terribilis</strong></span> <span class='ocrx_word' id='word_1_83' title='bbox 824 1618 879 1681; x_wconf 91' lang='lat' dir='ltr'><strong>ille</strong></span> <span class='ocrx_word' id='word_1_84' title='bbox 907 1619 991 1701; x_wconf 91' lang='lat' dir='ltr'><strong>apud</strong></span> <span class='ocrx_word' id='word_1_85' title='bbox 1014 1617 1246 1701; x_wconf 82' lang='lat' dir='ltr'><strong>Epicharmum</strong></span> 
     </span>
     <span class='ocr_line' id='line_1_13' title="bbox 68 1723 1247 1809; baseline 0.001 -23"><span class='ocrx_word' id='word_1_86' title='bbox 68 1725 233 1809; x_wconf 84' lang='lat' dir='ltr'><strong>magister,</strong></span> <span class='ocrx_word' id='word_1_87' title='bbox 256 1726 368 1809; x_wconf 84' lang='lat' dir='ltr'><strong>plagas</strong></span> <span class='ocrx_word' id='word_1_88' title='bbox 386 1724 528 1789; x_wconf 84' lang='lat' dir='ltr'><strong>minetur</strong></span> <span class='ocrx_word' id='word_1_89' title='bbox 546 1724 711 1807; x_wconf 90' lang='lat' dir='ltr'><strong>Aristoph.</strong></span> <span class='ocrx_word' id='word_1_90' title='bbox 730 1724 806 1787; x_wconf 89' lang='lat' dir='ltr'><strong>nub.</strong></span> <span class='ocrx_word' id='word_1_91' title='bbox 820 1724 900 1808; x_wconf 78' lang='lat'><strong>4923</strong></span> <span class='ocrx_word' id='word_1_92' title='bbox 923 1747 998 1788; x_wconf 90' lang='lat' dir='ltr'><strong>nam</strong></span> <span class='ocrx_word' id='word_1_93' title='bbox 1013 1723 1247 1807; x_wconf 81' lang='lat' dir='ltr'><strong>Aristophanes</strong></span> 
     </span>
     <span class='ocr_line' id='line_1_14' title="bbox 68 1829 1247 1914; baseline 0.001 -21"><span class='ocrx_word' id='word_1_94' title='bbox 68 1831 234 1894; x_wconf 89' lang='lat' dir='ltr'><strong>hominem</strong></span> <span class='ocrx_word' id='word_1_95' title='bbox 253 1830 378 1895; x_wconf 88' lang='lat' dir='ltr'><strong>inducit</strong></span> <span class='ocrx_word' id='word_1_96' title='bbox 400 1831 566 1914; x_wconf 79' lang='lat' dir='ltr'><strong>rusticum,</strong></span> <span class='ocrx_word' id='word_1_97' title='bbox 590 1830 646 1914; x_wconf 91' lang='lat' dir='ltr'><strong>qui</strong></span> <span class='ocrx_word' id='word_1_98' title='bbox 670 1832 875 1914; x_wconf 88' lang='lat' dir='ltr'><strong>quaestiones</strong></span> <span class='ocrx_word' id='word_1_99' title='bbox 900 1831 962 1894; x_wconf 88' lang='lat' dir='ltr'><strong>sibi</strong></span> <span class='ocrx_word' id='word_1_100' title='bbox 981 1852 1000 1894; x_wconf 93' lang='lat' dir='ltr'><strong>a</strong></span> <span class='ocrx_word' id='word_1_101' title='bbox 1019 1829 1150 1895; x_wconf 86' lang='lat' dir='ltr'><strong>Socrate</strong></span> <span class='ocrx_word' id='word_1_102' title='bbox 1174 1852 1247 1914; x_wconf 91' lang='lat' dir='ltr'><strong>pro-</strong></span> 
     </span>
     <span class='ocr_line' id='line_1_15' title="bbox 69 1936 1247 2023; baseline 0.001 -24"><span class='ocrx_word' id='word_1_103' title='bbox 69 1937 193 2020; x_wconf 86' lang='lat' dir='ltr'><strong>positas</strong></span> <span class='ocrx_word' id='word_1_104' title='bbox 212 1959 379 2020; x_wconf 88' lang='lat' dir='ltr'><strong>perperam</strong></span> <span class='ocrx_word' id='word_1_105' title='bbox 399 1937 559 2023; x_wconf 81' lang='lat' dir='ltr'><strong>intellegit</strong></span> <span class='ocrx_word' id='word_1_106' title='bbox 578 1942 610 2002; x_wconf 91' lang='lat' dir='ltr'><strong>et</strong></span> <span class='ocrx_word' id='word_1_107' title='bbox 628 1959 776 2020; x_wconf 85' lang='lat' dir='ltr'><strong>perverse</strong></span> <span class='ocrx_word' id='word_1_108' title='bbox 795 1938 904 2001; x_wconf 89' lang='lat' dir='ltr'><strong>omnia</strong></span> <span class='ocrx_word' id='word_1_109' title='bbox 926 1938 995 2022; x_wconf 88' lang='lat' dir='ltr'><strong>agit</strong></span> <span class='ocrx_word' id='word_1_110' title='bbox 1014 1936 1162 2001; x_wconf 90' lang='lat' dir='ltr'><strong>similiter</strong></span> <span class='ocrx_word' id='word_1_111' title='bbox 1183 1938 1247 2000; x_wconf 87' lang='lat' dir='ltr'><strong>for-</strong></span> 
     </span>
     <span class='ocr_line' id='line_1_16' title="bbox 68 2041 1247 2129; baseline -0.001 -23"><span class='ocrx_word' id='word_1_112' title='bbox 68 2048 155 2106; x_wconf 91' lang='lat' dir='ltr'><strong>tasse</strong></span> <span class='ocrx_word' id='word_1_113' title='bbox 179 2048 275 2125; x_wconf 89' lang='lat' dir='ltr'><strong>atque</strong></span> <span class='ocrx_word' id='word_1_114' title='bbox 298 2045 354 2105; x_wconf 90' lang='lat' dir='ltr'><strong>ille</strong></span> <span class='ocrx_word' id='word_1_115' title='bbox 376 2041 571 2126; x_wconf 88' lang='lat' dir='ltr'><strong>Agrostinus</strong></span> <span class='ocrx_word' id='word_1_116' title='bbox 590 2042 810 2129; x_wconf 78' lang='lat' dir='ltr'><strong>Epicharmi⁸)</strong></span> <span class='ocrx_word' id='word_1_117' title='bbox 834 2047 890 2106; x_wconf 93' lang='lat' dir='ltr'><strong>aut</strong></span> <span class='ocrx_word' id='word_1_118' title='bbox 913 2042 1069 2107; x_wconf 90' lang='lat' dir='ltr'><strong>Hercules</strong></span> <span class='ocrx_word' id='word_1_119' title='bbox 1092 2041 1247 2106; x_wconf 84' lang='lat' dir='ltr'><strong>Alexidis.</strong></span> 
     </span>
    </p>
   </div>
   <div class='ocr_carea' id='block_1_5' title="bbox 70 2147 1247 2443">
    <p class='ocr_par' dir='ltr' id='par_1_6' title="bbox 70 2147 1247 2443">
     <span class='ocr_line' id='line_1_17' title="bbox 160 2147 1247 2232; baseline 0 -21"><span class='ocrx_word' id='word_1_120' title='bbox 160 2147 334 2231; x_wconf 78' lang='lat' dir='ltr'><strong>Complura</strong></span> <span class='ocrx_word' id='word_1_121' title='bbox 366 2153 474 2212; x_wconf 88' lang='lat' dir='ltr'><strong>autem</strong></span> <span class='ocrx_word' id='word_1_122' title='bbox 507 2153 596 2231; x_wconf 84' lang='lat' dir='ltr'><strong>sunt,</strong></span> <span class='ocrx_word' id='word_1_123' title='bbox 629 2172 709 2232; x_wconf 90' lang='lat' dir='ltr'><strong>quae</strong></span> <span class='ocrx_word' id='word_1_124' title='bbox 742 2148 890 2212; x_wconf 89' lang='lat' dir='ltr'><strong>Herodae</strong></span> <span class='ocrx_word' id='word_1_125' title='bbox 923 2169 996 2212; x_wconf 91' lang='lat' dir='ltr'><strong>cum</strong></span> <span class='ocrx_word' id='word_1_126' title='bbox 1028 2148 1247 2232; x_wconf 82' lang='lat' dir='ltr'><strong>Aristophane</strong></span> 
     </span>
     <span class='ocr_line' id='line_1_18' title="bbox 70 2254 1245 2337; baseline -0.001 -20"><span class='ocrx_word' id='word_1_127' title='bbox 70 2255 279 2336; x_wconf 83' lang='lat' dir='ltr'><strong>conveniunt,</strong></span> <span class='ocrx_word' id='word_1_128' title='bbox 307 2255 397 2319; x_wconf 82' lang='lat' dir='ltr'><strong>velut</strong></span> <span class='ocrx_word' id='word_1_129' title='bbox 420 2275 493 2318; x_wconf 91' lang='lat' dir='ltr'><strong>cum</strong></span> <span class='ocrx_word' id='word_1_130' title='bbox 516 2254 703 2319; x_wconf 83' lang='lat' dir='ltr'><strong>Metrotima</strong></span> <span class='ocrx_word' id='word_1_131' title='bbox 731 2254 910 2337; x_wconf 86' lang='lat' dir='ltr'><strong>comparari</strong></span> <span class='ocrx_word' id='word_1_132' title='bbox 933 2259 1069 2337; x_wconf 86' lang='lat' dir='ltr'><strong>possunt</strong></span> <span class='ocrx_word' id='word_1_133' title='bbox 1092 2276 1130 2317; x_wconf 84' lang='lat' dir='ltr'><strong>ex</strong></span> <span class='ocrx_word' id='word_1_134' title='bbox 1154 2258 1245 2336; x_wconf 84' lang='lat' dir='ltr'><strong>parte</strong></span> 
     </span>
     <span class='ocr_line' id='line_1_19' title="bbox 70 2359 902 2443; baseline 0 -20"><span class='ocrx_word' id='word_1_135' title='bbox 70 2359 263 2443; x_wconf 81' lang='lat' dir='ltr'><strong>Strepsiadis</strong></span> <span class='ocrx_word' id='word_1_136' title='bbox 287 2362 435 2442; x_wconf 89' lang='lat' dir='ltr'><strong>querelae</strong></span> <span class='ocrx_word' id='word_1_137' title='bbox 459 2360 498 2424; x_wconf 92' lang='lat' dir='ltr'><strong>de</strong></span> <span class='ocrx_word' id='word_1_138' title='bbox 520 2361 581 2424; x_wconf 92' lang='lat' dir='ltr'><strong>filii</strong></span> <span class='ocrx_word' id='word_1_139' title='bbox 603 2361 732 2425; x_wconf 84' lang='lat' dir='ltr'><strong>luxuria</strong></span> <span class='ocrx_word' id='word_1_140' title='bbox 754 2361 902 2424; x_wconf 72' lang='grc'><strong>11111121</strong></span> 
     </span>
    </p>
   </div>
   <div class='ocr_carea' id='block_1_6' title="bbox 71 2482 1152 3471">
    <p class='ocr_par' dir='ltr' id='par_1_7' title="bbox 230 2482 1152 3098">
     <span class='ocr_line' id='line_1_20' title="bbox 231 2482 1069 2565; baseline -0.001 -17"><span class='ocrx_word' id='word_1_141' title='bbox 231 2482 304 2548; x_wconf 82' lang='grc' dir='ltr'><strong><em>ἀλλ’</em></strong></span> <span class='ocrx_word' id='word_1_142' title='bbox 330 2484 370 2548; x_wconf 79' lang='grc' dir='ltr'><strong>οὐ</strong></span> <span class='ocrx_word' id='word_1_143' title='bbox 395 2485 540 2565; x_wconf 87' lang='grc' dir='ltr'><strong><em>δύναμαι</em></strong></span> <span class='ocrx_word' id='word_1_144' title='bbox 563 2486 708 2559; x_wconf 74' lang='grc' dir='ltr'><strong><em>δείλαιος</em></strong></span> <span class='ocrx_word' id='word_1_145' title='bbox 730 2484 842 2548; x_wconf 79' lang='grc' dir='ltr'><strong><em>εὕδειν</em></strong></span> <span class='ocrx_word' id='word_1_146' title='bbox 866 2486 1069 2564; x_wconf 80' lang='grc' dir='ltr'><strong><em>δακνόμενος</em></strong></span> 
     </span>
     <span class='ocr_line' id='line_1_21' title="bbox 230 2588 1152 2674; baseline 0 -20"><span class='ocrx_word' id='word_1_147' title='bbox 230 2591 295 2654; x_wconf 89' lang='grc' dir='ltr'><strong>ὑπὸ</strong></span> <span class='ocrx_word' id='word_1_148' title='bbox 318 2600 376 2673; x_wconf 78' lang='grc' dir='ltr'><strong>τῆς</strong></span> <span class='ocrx_word' id='word_1_149' title='bbox 399 2592 547 2673; x_wconf 90' lang='grc' dir='ltr'><strong><em>δαπάνης</em></strong></span> <span class='ocrx_word' id='word_1_150' title='bbox 570 2588 624 2653; x_wconf 83' lang='grc' dir='ltr'><strong>καὶ</strong></span> <span class='ocrx_word' id='word_1_151' title='bbox 647 2599 705 2672; x_wconf 76' lang='grc' dir='ltr'><strong>τῆς</strong></span> <span class='ocrx_word' id='word_1_152' title='bbox 729 2591 856 2673; x_wconf 79' lang='grc' dir='ltr'><strong><em>φάτνης</em></strong></span> <span class='ocrx_word' id='word_1_153' title='bbox 878 2591 933 2653; x_wconf 83' lang='grc' dir='ltr'><strong>καὶ</strong></span> <span class='ocrx_word' id='word_1_154' title='bbox 956 2600 1023 2654; x_wconf 84' lang='grc' dir='ltr'><strong>τῶν</strong></span> <span class='ocrx_word' id='word_1_155' title='bbox 1046 2600 1152 2674; x_wconf 83' lang='grc' dir='ltr'><strong><em>χρεῶν</em></strong></span> 
     </span>
     <span class='ocr_line' id='line_1_22' title="bbox 232 2693 976 2779; baseline -0.001 -19"><span class='ocrx_word' id='word_1_156' title='bbox 232 2698 287 2760; x_wconf 83' lang='grc' dir='ltr'><strong>διὰ</strong></span> <span class='ocrx_word' id='word_1_157' title='bbox 310 2697 443 2761; x_wconf 81' lang='grc' dir='ltr'><strong><em>τουτονὶ</em></strong></span> <span class='ocrx_word' id='word_1_158' title='bbox 465 2697 525 2760; x_wconf 88' lang='grc' dir='ltr'><strong>τὸν</strong></span> <span class='ocrx_word' id='word_1_159' title='bbox 547 2697 636 2760; x_wconf 86' lang='grc' dir='ltr'><strong><em>υίόν·</em></strong></span> <span class='ocrx_word' id='word_1_160' title='bbox 661 2695 678 2760; x_wconf 88' lang='grc' dir='ltr'>ὁ</span> <span class='ocrx_word' id='word_1_161' title='bbox 704 2697 740 2760; x_wconf 77' lang='grc' dir='ltr'><strong>δὲ</strong></span> <span class='ocrx_word' id='word_1_162' title='bbox 763 2698 868 2779; x_wconf 84' lang='grc' dir='ltr'><strong><em>κόμην</em></strong></span> <span class='ocrx_word' id='word_1_163' title='bbox 891 2693 976 2779; x_wconf 76' lang='grc' dir='ltr'><strong><em>ἔχων</em></strong></span> 
     </span>
     <span class='ocr_line' id='line_1_23' title="bbox 232 2800 811 2886; baseline -0.003 -18"><span class='ocrx_word' id='word_1_164' title='bbox 232 2804 401 2881; x_wconf 79' lang='grc' dir='ltr'><strong><em>ἱππάζεταί</em></strong></span> <span class='ocrx_word' id='word_1_165' title='bbox 421 2826 456 2867; x_wconf 92' lang='grc' dir='ltr'><strong><em>τε</em></strong></span> <span class='ocrx_word' id='word_1_166' title='bbox 478 2800 533 2867; x_wconf 80' lang='grc' dir='ltr'><strong>καὶ</strong></span> <span class='ocrx_word' id='word_1_167' title='bbox 557 2801 811 2886; x_wconf 79' lang='grc' dir='ltr'><strong><em>ξυνωρικεύεται</em></strong></span> 
     </span>
     <span class='ocr_line' id='line_1_24' title="bbox 231 2906 1015 2993; baseline -0.001 -20"><span class='ocrx_word' id='word_1_168' title='bbox 231 2909 437 2993; x_wconf 79' lang='grc' dir='ltr'><strong><em>ὀνειροπολεῖ</em></strong></span> <span class='ocrx_word' id='word_1_169' title='bbox 459 2907 494 2972; x_wconf 75' lang='grc' dir='ltr'><strong>θ’</strong></span> <span class='ocrx_word' id='word_1_170' title='bbox 523 2909 657 2985; x_wconf 85' lang='grc' dir='ltr'><strong><em>ἵππους.</em></strong></span> <span class='ocrx_word' id='word_1_171' title='bbox 681 2907 745 2990; x_wconf 80' lang='grc' dir='ltr'><strong>ἐγὼ</strong></span> <span class='ocrx_word' id='word_1_172' title='bbox 771 2906 801 2972; x_wconf 87' lang='grc' dir='ltr'><strong>δ’</strong></span> <span class='ocrx_word' id='word_1_173' title='bbox 829 2907 1015 2989; x_wconf 83' lang='grc' dir='ltr'><strong><em>ἀπόλλυμαι</em></strong></span> 
     </span>
     <span class='ocr_line' id='line_1_25' title="bbox 230 3014 903 3098; baseline -0.001 -19"><span class='ocrx_word' id='word_1_174' title='bbox 230 3014 319 3098; x_wconf 81' lang='grc' dir='ltr'><strong><em>ὁρῶν</em></strong></span> <span class='ocrx_word' id='word_1_175' title='bbox 343 3017 491 3097; x_wconf 76' lang='grc' dir='ltr'><strong><em>άγουσαν</em></strong></span> <span class='ocrx_word' id='word_1_176' title='bbox 514 3016 574 3098; x_wconf 79' lang='grc' dir='ltr'><strong>τὴν</strong></span> <span class='ocrx_word' id='word_1_177' title='bbox 597 3018 740 3098; x_wconf 77' lang='grc' dir='ltr'><strong><em>σελήνην</em></strong></span> <span class='ocrx_word' id='word_1_178' title='bbox 763 3015 903 3090; x_wconf 82' lang='grc' dir='ltr'><strong><em>εἰκάδας.</em></strong></span> 
     </span>
    </p>

    <p class='ocr_par' dir='ltr' id='par_1_8' title="bbox 71 3139 1063 3346">
     <span class='ocr_line' id='line_1_26' title="bbox 71 3139 333 3203; baseline 0 -2"><span class='ocrx_word' id='word_1_179' title='bbox 71 3139 159 3202; x_wconf 88' lang='lat' dir='ltr'><strong>adice</strong></span> <span class='ocrx_word' id='word_1_180' title='bbox 182 3139 333 3203; x_wconf 77' lang='grc'><strong>11111331</strong></span> 
     </span>
     <span class='ocr_line' id='line_1_27' title="bbox 253 3258 1063 3346; baseline -0.004 -20"><span class='ocrx_word' id='word_1_181' title='bbox 253 3261 323 3327; x_wconf 82' lang='grc' dir='ltr'><strong><em>ἀλλ’</em></strong></span> <span class='ocrx_word' id='word_1_182' title='bbox 352 3259 377 3326; x_wconf 82' lang='grc' dir='ltr'>ὦ</span> <span class='ocrx_word' id='word_1_183' title='bbox 400 3262 484 3346; x_wconf 78' lang='grc' dir='ltr'><strong><em>μέλ’,</em></strong></span> <span class='ocrx_word' id='word_1_184' title='bbox 508 3260 658 3346; x_wconf 78' lang='grc' dir='ltr'><strong><em>ἐξήλικας</em></strong></span> <span class='ocrx_word' id='word_1_185' title='bbox 681 3261 738 3343; x_wconf 82' lang='grc' dir='ltr'><strong>ἐμέ</strong></span> <span class='ocrx_word' id='word_1_186' title='bbox 760 3260 790 3345; x_wconf 77' lang='grc' dir='ltr'><strong>γ’</strong></span> <span class='ocrx_word' id='word_1_187' title='bbox 818 3259 854 3326; x_wconf 80' lang='grc' dir='ltr'><strong>ἐκ</strong></span> <span class='ocrx_word' id='word_1_188' title='bbox 877 3273 943 3326; x_wconf 84' lang='grc' dir='ltr'><strong>τῶν</strong></span> <span class='ocrx_word' id='word_1_189' title='bbox 966 3258 1063 3343; x_wconf 83' lang='grc' dir='ltr'><strong><em>ἐμῶν.</em></strong></span> 
     </span>
    </p>

    <p class='ocr_par' dir='ltr' id='par_1_9' title="bbox 72 3385 425 3471">
     <span class='ocr_line' id='line_1_28' title="bbox 72 3385 425 3471; baseline 0 -21"><span class='ocrx_word' id='word_1_190' title='bbox 72 3386 110 3450; x_wconf 83' lang='lat' dir='ltr'><strong>ci.</strong></span> <span class='ocrx_word' id='word_1_191' title='bbox 126 3385 201 3450; x_wconf 93' lang='grc' dir='ltr'><strong>Η11.</strong></span> <span class='ocrx_word' id='word_1_192' title='bbox 216 3385 425 3471; x_wconf 81' lang='grc' dir='ltr'><strong>11111.ΠΙ,5;</strong></span> 
     </span>
    </p>
   </div>
   <div class='ocr_carea' id='block_1_7' title="bbox 284 3507 1041 3700">
    <p class='ocr_par' dir='ltr' id='par_1_10' title="bbox 284 3507 1041 3700">
     <span class='ocr_line' id='line_1_29' title="bbox 284 3507 1041 3591; baseline -0.004 -18"><span class='ocrx_word' id='word_1_193' title='bbox 284 3512 320 3573; x_wconf 80' lang='grc' dir='ltr'><strong>ἔκ</strong></span> <span class='ocrx_word' id='word_1_194' title='bbox 342 3531 404 3589; x_wconf 88' lang='grc' dir='ltr'><strong><em>μευ</em></strong></span> <span class='ocrx_word' id='word_1_195' title='bbox 426 3511 583 3591; x_wconf 89' lang='grc' dir='ltr'><strong><em>ταλαίνης</em></strong></span> <span class='ocrx_word' id='word_1_196' title='bbox 605 3510 665 3591; x_wconf 81' lang='grc' dir='ltr'><strong>την</strong></span> <span class='ocrx_word' id='word_1_197' title='bbox 689 3507 809 3591; x_wconf 77' lang='grc' dir='ltr'><strong><em>στέγην</em></strong></span> <span class='ocrx_word' id='word_1_198' title='bbox 830 3509 1041 3590; x_wconf 76' lang='grc' dir='ltr'><strong><em>πεπόρθηκεν</em></strong></span> 
     </span>
     <span class='ocr_line' id='line_1_30' title="bbox 284 3616 599 3700; baseline -0.01 -21"><span class='ocrx_word' id='word_1_199' title='bbox 284 3616 444 3700; x_wconf 83' lang='grc' dir='ltr'><strong><em>χαλκίνδα</em></strong></span> <span class='ocrx_word' id='word_1_200' title='bbox 467 3616 599 3691; x_wconf 82' lang='grc' dir='ltr'><strong><em>παίζων.</em></strong></span> 
     </span>
    </p>
   </div>
   <div class='ocr_carea' id='block_1_8' title="bbox 72 3799 1244 4495">
    <p class='ocr_par' dir='ltr' id='par_1_11' title="bbox 72 3799 1244 4050">
     <span class='ocr_line' id='line_1_31' title="bbox 161 3799 1244 3876; baseline -0.007 -15"><span class='ocrx_word' id='word_1_201' title='bbox 161 3811 187 3876; x_wconf 89' lang='grc'><strong>1)</strong></span> <span class='ocrx_word' id='word_1_202' title='bbox 204 3807 237 3859; x_wconf 92' lang='lat' dir='ltr'><strong>In</strong></span> <span class='ocrx_word' id='word_1_203' title='bbox 261 3806 357 3859; x_wconf 90' lang='lat' dir='ltr'><strong>Plauti</strong></span> <span class='ocrx_word' id='word_1_204' title='bbox 382 3806 569 3859; x_wconf 87' lang='lat' dir='ltr'><strong>Bacchidibus</strong></span> <span class='ocrx_word' id='word_1_205' title='bbox 598 3821 613 3858; x_wconf 91' lang='lat' dir='ltr'><strong>e</strong></span> <span class='ocrx_word' id='word_1_206' title='bbox 637 3804 809 3858; x_wconf 90' lang='lat' dir='ltr'><strong>Menandrea</strong></span> <span class='ocrx_word' id='word_1_207' title='bbox 835 3805 888 3866; x_wconf 79' lang='grc' dir='ltr'><strong>Δὶς</strong></span> <span class='ocrx_word' id='word_1_208' title='bbox 909 3799 1079 3865; x_wconf 63' lang='lat' dir='ltr'><strong>’arenosae</strong></span> <span class='ocrx_word' id='word_1_209' title='bbox 1107 3801 1244 3870; x_wconf 80' lang='lat' dir='ltr'><strong>expressis</strong></span> 
     </span>
     <span class='ocr_line' id='line_1_32' title="bbox 72 3889 1243 3967; baseline -0.007 -17"><span class='ocrx_word' id='word_1_210' title='bbox 72 3895 462 3967; x_wconf 53' lang='grc'><strong>(11.11111111111111131405).</strong></span> <span class='ocrx_word' id='word_1_211' title='bbox 499 3893 564 3946; x_wconf 87' lang='lat' dir='ltr'><strong>Lini</strong></span> <span class='ocrx_word' id='word_1_212' title='bbox 587 3896 616 3947; x_wconf 89' lang='lat' dir='ltr'><strong>st</strong></span> <span class='ocrx_word' id='word_1_213' title='bbox 633 3893 762 3947; x_wconf 87' lang='lat' dir='ltr'><strong>Herculis</strong></span> <span class='ocrx_word' id='word_1_214' title='bbox 781 3892 886 3946; x_wconf 86' lang='lat' dir='ltr'><strong>mentio</strong></span> <span class='ocrx_word' id='word_1_215' title='bbox 905 3890 1020 3943; x_wconf 86' lang='lat' dir='ltr'><strong>inicitur</strong></span> <span class='ocrx_word' id='word_1_216' title='bbox 1038 3906 1071 3943; x_wconf 89' lang='lat' dir='ltr'><strong>eo</strong></span> <span class='ocrx_word' id='word_1_217' title='bbox 1089 3889 1165 3956; x_wconf 84' lang='lat' dir='ltr'><strong>loco,</strong></span> <span class='ocrx_word' id='word_1_218' title='bbox 1188 3906 1243 3956; x_wconf 91' lang='lat' dir='ltr'><strong>quo</strong></span> 
     </span>
     <span class='ocr_line' id='line_1_33' title="bbox 73 3981 948 4050; baseline -0.008 -12"><span class='ocrx_word' id='word_1_219' title='bbox 73 3985 239 4039; x_wconf 86' lang='lat' dir='ltr'><strong>Pistoclerus</strong></span> <span class='ocrx_word' id='word_1_220' title='bbox 258 3984 422 4037; x_wconf 87' lang='lat' dir='ltr'><strong>adulescens</strong></span> <span class='ocrx_word' id='word_1_221' title='bbox 440 3983 512 4035; x_wconf 91' lang='lat' dir='ltr'><strong>haec</strong></span> <span class='ocrx_word' id='word_1_222' title='bbox 529 3981 697 4050; x_wconf 81' lang='lat' dir='ltr'><strong>paedagogo</strong></span> <span class='ocrx_word' id='word_1_223' title='bbox 715 3981 839 4034; x_wconf 88' lang='lat' dir='ltr'><strong>minatur</strong></span> <span class='ocrx_word' id='word_1_224' title='bbox 856 3984 948 4032; x_wconf 75' lang='grc'><strong>11155</strong></span> 
     </span>
    </p>

    <p class='ocr_par' dir='ltr' id='par_1_12' title="bbox 76 4064 1243 4318">
     <span class='ocr_line' id='line_1_34' title="bbox 265 4064 1044 4141; baseline -0.006 -16"><span class='ocrx_word' id='word_1_225' title='bbox 265 4064 354 4138; x_wconf 76' lang='lat' dir='ltr'><strong>Fiam,</strong></span> <span class='ocrx_word' id='word_1_226' title='bbox 373 4074 407 4124; x_wconf 90' lang='lat' dir='ltr'><strong>ut</strong></span> <span class='ocrx_word' id='word_1_227' title='bbox 424 4088 477 4141; x_wconf 86' lang='lat' dir='ltr'><strong>ego</strong></span> <span class='ocrx_word' id='word_1_228' title='bbox 496 4070 603 4139; x_wconf 80' lang='lat' dir='ltr'><strong>opinor,</strong></span> <span class='ocrx_word' id='word_1_229' title='bbox 622 4068 767 4136; x_wconf 80' lang='lat' dir='ltr'><strong>Hercules,</strong></span> <span class='ocrx_word' id='word_1_230' title='bbox 785 4071 816 4121; x_wconf 89' lang='lat' dir='ltr'><strong>tu</strong></span> <span class='ocrx_word' id='word_1_231' title='bbox 835 4070 931 4121; x_wconf 86' lang='lat' dir='ltr'><strong>autem</strong></span> <span class='ocrx_word' id='word_1_232' title='bbox 948 4065 1044 4120; x_wconf 86' lang='lat' dir='ltr'><strong>Linus.</strong></span> 
     </span>
     <span class='ocr_line' id='line_1_35' title="bbox 160 4149 1243 4231; baseline -0.007 -17"><span class='ocrx_word' id='word_1_233' title='bbox 160 4151 421 4231; x_wconf 74' lang='grc' dir='ltr'><strong>2)Ἠ11.κόλαφος·</strong></span> <span class='ocrx_word' id='word_1_234' title='bbox 442 4157 585 4221; x_wconf 85' lang='grc' dir='ltr'><strong><em>κόνδυλος.</em></strong></span> <span class='ocrx_word' id='word_1_235' title='bbox 610 4156 690 4225; x_wconf 78' lang='grc' dir='ltr'><strong><em>παρὰ</em></strong></span> <span class='ocrx_word' id='word_1_236' title='bbox 709 4157 740 4210; x_wconf 77' lang='grc' dir='ltr'><strong>δὲ</strong></span> <span class='ocrx_word' id='word_1_237' title='bbox 758 4153 917 4228; x_wconf 71' lang='grc' dir='ltr'><strong><em>Ἐπιχάρμῳ</em></strong></span> <span class='ocrx_word' id='word_1_238' title='bbox 937 4187 972 4194; x_wconf 90' lang='grc'><strong>-</strong></span> <span class='ocrx_word' id='word_1_239' title='bbox 990 4156 1039 4208; x_wconf 77' lang='grc' dir='ltr'><strong>καὶ</strong></span> <span class='ocrx_word' id='word_1_240' title='bbox 1058 4149 1243 4224; x_wconf 81' lang='grc' dir='ltr'><strong><em>παιδοτρίβου</em></strong></span> 
     </span>
     <span class='ocr_line' id='line_1_36' title="bbox 76 4241 1243 4318; baseline -0.009 -14"><span class='ocrx_word' id='word_1_241' title='bbox 76 4249 174 4318; x_wconf 71' lang='grc' dir='ltr'><strong><em>δυσμάς</em></strong></span> <span class='ocrx_word' id='word_1_242' title='bbox 193 4249 276 4318; x_wconf 90' lang='lat' dir='ltr'><strong>plura</strong></span> <span class='ocrx_word' id='word_1_243' title='bbox 291 4248 326 4301; x_wconf 90' lang='lat' dir='ltr'><strong>de</strong></span> <span class='ocrx_word' id='word_1_244' title='bbox 335 4248 389 4300; x_wconf 87' lang='lat' dir='ltr'><strong>hac</strong></span> <span class='ocrx_word' id='word_1_245' title='bbox 403 4263 433 4300; x_wconf 87' lang='lat' dir='ltr'><strong>re</strong></span> <span class='ocrx_word' id='word_1_246' title='bbox 447 4246 555 4314; x_wconf 86' lang='lat' dir='ltr'><strong>profert</strong></span> <span class='ocrx_word' id='word_1_247' title='bbox 569 4245 683 4298; x_wconf 84' lang='lat' dir='ltr'><strong>Crusius</strong></span> <span class='ocrx_word' id='word_1_248' title='bbox 703 4245 806 4299; x_wconf 74' lang='lat' dir='ltr'><strong>Uetere.</strong></span> <span class='ocrx_word' id='word_1_249' title='bbox 817 4262 843 4313; x_wconf 93' lang='lat' dir='ltr'><strong>p.</strong></span> <span class='ocrx_word' id='word_1_250' title='bbox 856 4250 898 4311; x_wconf 76' lang='lat'><strong>78,</strong></span> <span class='ocrx_word' id='word_1_251' title='bbox 916 4242 1018 4296; x_wconf 92' lang='lat' dir='ltr'><strong>Philol.</strong></span> <span class='ocrx_word' id='word_1_252' title='bbox 1033 4241 1124 4311; x_wconf 84' lang='lat' dir='ltr'><strong>suppl.</strong></span> <span class='ocrx_word' id='word_1_253' title='bbox 1139 4241 1185 4309; x_wconf 78' lang='lat' dir='ltr'><strong>VI,</strong></span> <span class='ocrx_word' id='word_1_254' title='bbox 1200 4246 1243 4294; x_wconf 75' lang='lat'><strong>29.</strong></span> 
     </span>
    </p>

    <p class='ocr_par' dir='ltr' id='par_1_13' title="bbox 160 4330 1244 4407">
     <span class='ocr_line' id='line_1_37' title="bbox 160 4330 1244 4407; baseline -0.006 -18"><span class='ocrx_word' id='word_1_255' title='bbox 160 4342 187 4407; x_wconf 85' lang='lat'><strong>3)</strong></span> <span class='ocrx_word' id='word_1_256' title='bbox 205 4337 250 4390; x_wconf 88' lang='lat' dir='ltr'><strong>Ad</strong></span> <span class='ocrx_word' id='word_1_257' title='bbox 269 4334 468 4405; x_wconf 81' lang='lat' dir='ltr'><strong>Epicharmum</strong></span> <span class='ocrx_word' id='word_1_258' title='bbox 487 4350 548 4387; x_wconf 91' lang='lat' dir='ltr'><strong>sese</strong></span> <span class='ocrx_word' id='word_1_259' title='bbox 568 4334 726 4402; x_wconf 88' lang='lat' dir='ltr'><strong>applicasse</strong></span> <span class='ocrx_word' id='word_1_260' title='bbox 743 4333 959 4401; x_wconf 81' lang='lat' dir='ltr'><strong>Aristophanem</strong></span> <span class='ocrx_word' id='word_1_261' title='bbox 978 4333 1008 4385; x_wconf 91' lang='lat' dir='ltr'><strong>in</strong></span> <span class='ocrx_word' id='word_1_262' title='bbox 1021 4330 1150 4384; x_wconf 88' lang='lat' dir='ltr'><strong>Nubibus</strong></span> <span class='ocrx_word' id='word_1_263' title='bbox 1169 4346 1244 4383; x_wconf 89' lang='lat' dir='ltr'><strong>com-</strong></span> 
     </span>
    </p>

    <p class='ocr_par' dir='ltr' id='par_1_14' title="bbox 75 4421 878 4495">
     <span class='ocr_line' id='line_1_38' title="bbox 75 4421 878 4495; baseline -0.009 -15"><span class='ocrx_word' id='word_1_264' title='bbox 75 4426 208 4495; x_wconf 85' lang='lat' dir='ltr'><strong>ponendis</strong></span> <span class='ocrx_word' id='word_1_265' title='bbox 228 4426 382 4480; x_wconf 90' lang='lat' dir='ltr'><strong>arbitratur</strong></span> <span class='ocrx_word' id='word_1_266' title='bbox 401 4422 513 4477; x_wconf 85' lang='lat' dir='ltr'><strong>Crusius</strong></span> <span class='ocrx_word' id='word_1_267' title='bbox 532 4421 634 4475; x_wconf 92' lang='lat' dir='ltr'><strong>Philol.</strong></span> <span class='ocrx_word' id='word_1_268' title='bbox 650 4422 741 4490; x_wconf 91' lang='lat' dir='ltr'><strong>suppl.</strong></span> <span class='ocrx_word' id='word_1_269' title='bbox 756 4421 802 4488; x_wconf 78' lang='lat' dir='ltr'><strong>vl,</strong></span> <span class='ocrx_word' id='word_1_270' title='bbox 818 4425 878 4474; x_wconf 80' lang='lat'><strong>291.</strong></span> 
     </span>
    </p>
   </div>
   <div class='ocr_carea' id='block_1_9' title="bbox 0 0 1515 5088">
    <p class='ocr_par' dir='ltr' id='par_1_15' title="bbox 0 0 1515 5088">
     <span class='ocr_line' id='line_1_39' title="bbox 0 0 1515 5088; baseline 0 0"><span class='ocrx_word' id='word_1_271' title='bbox 0 0 1515 5088; x_wconf 95' lang='lat' dir='ltr'><strong> </strong></span> 
     </span>
    </p>
   </div>
  </div>
 </body>
</html>
