2996 5088
63 351 196 404 namn.
559 391 603 399 .-
648 354 689 416 21
738 391 780 398 -

65 529 292 614 omnibusque
315 531 430 613 inviso,
454 551 649 613 quamquam
668 531 737 612 ipse
756 529 927 611 accusavit,
950 534 1059 593 tamen
1076 552 1142 593 non
1160 531 1253 594 aliter

66 637 239 721 agendum
263 658 332 721 esse
355 636 536 700 ostenderet
559 657 596 700 ac
618 657 674 699 reo
698 636 901 700 clementiam
924 636 1039 699 iudicis
1063 638 1213 720 captanti.

167 742 369 824 Quamquam
402 746 510 805 autem
547 744 579 805 et
611 742 682 825 ipsa
717 741 784 805 vita
821 747 854 805 et
890 762 941 805 ars
980 741 1139 806 rhetorica
1175 744 1254 807 talia

66 850 223 931 exempla
256 849 497 932 suppeditabat,
528 851 638 911 tamen
670 848 889 929 quaerendum
921 851 982 929 est,
1015 869 1072 913 cur
1103 848 1253 912 lenonem

66 955 281 1036 potissimum
310 976 439 1018 causam
469 956 682 1036 exponentem
711 953 882 1016 induxerit.
932 951 982 1018 Ac
1011 953 1092 1017 mihi
1122 954 1253 1036 quidem
1366 1012 1383 1032 ,

65 1060 203 1123 videtur
225 1082 265 1123 ex
289 1061 472 1125 comoediae
491 1057 619 1123 Atticae
638 1059 755 1123 notitia
773 1059 861 1122 illius
880 1061 1062 1143 argumenti
1085 1063 1162 1123 nata
1185 1082 1254 1124 esse

67 1166 228 1230 inventio.
283 1164 385 1248 Saepe
417 1165 502 1229 enim
534 1167 569 1229 in
604 1164 779 1229 comoediis
808 1164 980 1228 lenonibus
1011 1186 1062 1229 res
1095 1169 1144 1229 est
1181 1187 1254 1230 cum

67 1271 249 1354 iudicibus,
273 1290 468 1356 quamquam
495 1271 536 1335 lis
564 1272 643 1354 ipsa,
671 1274 828 1353 quantum
855 1271 936 1354 scio,
968 1293 1129 1355 nusquam
1158 1294 1255 1356 expo-

67 1379 173 1441 nitur.
219 1375 258 1440 In
277 1375 435 1460 Adelphis
459 1379 544 1442 enim
568 1377 698 1441 Terenti
722 1378 756 1440 in
779 1399 816 1440 ea
839 1380 940 1460 parte,
965 1399 1061 1460 quam
1085 1400 1102 1441 e
1126 1376 1253 1460 Diphili

68 1484 186 1547 fabula
217 1505 299 1567 quae
336 1484 522 1548 inscribitur
554 1480 901 1568 Συναποθνῄσκοντες
933 1483 1089 1566 ‘sumpsit
1126 1484 1187 1547 sibi
1220 1484 1254 1547 in

69 1588 255 1673 Adelphos,
283 1588 418 1652 verbum
447 1590 486 1652 de
507 1589 606 1653 verbo
629 1611 815 1673 expressum
844 1587 991 1675 extulit1)
999 1589 1019 1672 ⁹,
1046 1592 1120 1654 leno
1144 1590 1254 1672 prodit

70 1695 123 1758 ira
146 1697 295 1759 incensus
315 1695 356 1759 ob
374 1695 526 1759 iniuriam
550 1696 589 1759 ab
608 1694 771 1761 Aeschino
795 1696 998 1760 adulescente
1017 1695 1079 1759 sibi
1098 1694 1254 1781 1111111111)

71 1806 107 1865 11
129 1802 274 1865 minatur
296 1802 387 1865 illum
414 1823 483 1866 sese
506 1802 541 1865 in
563 1801 717 1866 iudicium
741 1825 810 1866 esse
833 1806 1023 1866 vocaturum
1047 1800 1200 1889 (116211
1299 1825 1305 1835 ·

119 1905 169 1969 Tu
193 1906 281 1990 quod
304 1911 335 1971 11
358 1909 519 1990 posterius
543 1930 670 1993 purges,
693 1908 776 1972 hanc
800 1909 951 1973 iniuriam
974 1908 1054 1972 mihi
1077 1910 1164 1973 nolle

118 2011 252 2076 Factam
276 2035 355 2096 esse,
377 2014 474 2077 huius
497 2034 563 2077 non
586 2014 711 2097 faciam,
739 2014 831 2078 crede
854 2014 926 2097 hcc,
956 2035 1025 2099 ego
1049 2037 1170 2078 meum
1193 2016 1253 2078 ius

877 2142 1101 2205 persequar,

117 2223 233 2307 Neque
256 2228 292 2288 tu
316 2225 422 2289 verbis
446 2227 550 2289 solves
574 2247 738 2309 umquam,
761 2227 848 2310 quod
870 2226 951 2291 mihi
974 2249 1009 2290 re
1027 2228 1111 2291 male
1129 2228 1252 2292 feceris.

118 2330 205 2395 Novi
229 2351 289 2415 ego
312 2335 422 2395 vostra
445 2332 524 2395 haec
548 2332 684 2396 ‘nollem
707 2334 843 2397 factum:
868 2333 996 2397 dabitur
1013 2334 1063 2397 ius
1082 2334 1253 2397 iurandum

876 2439 1047 2525 indignum

118 2542 164 2607 Te
196 2565 264 2607 esse
297 2544 415 2607 iniuria
442 2545 518 2608 hac'
552 2546 693 2629 indignis
723 2567 822 2629 quom
851 2549 979 2630 egomet
1008 2546 1069 2609 sim
1102 2549 1253 2628 acceptus

875 2652 988 2715 modis.

164 2753 202 2817 In
225 2753 335 2818 Plauti
358 2754 507 2819 Rudente
528 2778 579 2819 res
603 2756 644 2819 ad
666 2756 805 2821 iudicem
833 2757 986 2840 defertur,
1014 2755 1121 2841 leno³)
1145 2759 1180 2821 in
1201 2760 1252 2822 ius

74 2858 241 2946 rapitur4),
264 2882 323 2925 nec
341 2866 451 2926 tamen
469 2864 509 2925 lis
529 2862 721 2927 describitur
739 2864 817 2946 ipsa,
841 2864 896 2927 sed
915 2884 1010 2928 causa
1030 2864 1159 2928 demum
1182 2887 1252 2949 per·

76 2969 166 3029 orata
197 2966 280 3030 redit
312 2967 367 3031 ille
397 2969 432 3032 in
464 2990 611 3033 scaenam
640 2971 855 3034 calamitatem
884 2991 974 3033 suam
1003 2971 1173 3054 deplorans
1200 2970 1252 3035 his

77 3069 251 3157 (v.1281):

166 3176 246 3253 Quis
269 3184 353 3243 mest
376 3181 522 3243 mortalis
546 3180 694 3245 miserior
717 3183 773 3263 qui
796 3180 885 3244 vivat
908 3182 990 3245 alter
1011 3181 1108 3246 hodie

164 3282 266 3359 Quem
290 3284 330 3347 ad
352 3287 586 3368 recuperatoris
609 3286 705 3350 modo
730 3286 894 3351 damnavit
916 3285 1143 3371 Plesidippus?

162 3388 356 3454 Abiudicata
378 3414 397 3454 a
420 3384 472 3454 1111
495 3393 624 3456 modost
646 3391 825 3456 Palaestra:
848 3393 993 3475 perditus
1017 3416 1097 3457 sum.

164 3583 189 3650 1)
208 3579 269 3633 Ter.
284 3580 404 3649 Adelph.
418 3582 488 3649 prol.
506 3587 585 3650 10sq.

165 3672 191 3736 2)
209 3667 283 3721 Nam
301 3668 351 3721 ille
418 3732 421 3737 .

268 3757 336 3810 ioris
355 3757 474 3828 ecfregit
493 3761 578 3827 atque
596 3758 627 3812 in
645 3760 724 3812 aedis
743 3760 832 3813 inruit

269 3844 389 3911 alienas3
409 3846 502 3914 ipsum
520 3847 666 3900 dominum
685 3850 771 3916 atque
790 3865 900 3903 omnem
919 3850 1057 3904 familiam

267 3932 404 3986 mulcavit
422 3950 510 4001 usque
529 3935 566 3987 ad
584 3938 715 4001 mortem3
734 3937 840 4005 eripuit
857 3936 1004 3991 mulierem

269 4037 353 4088 quam
372 4023 499 4087 amabat3

80 4108 174 4177 quibus
189 4108 280 4161 verbis
299 4112 495 4178 argumentum
510 4111 693 4165 adumbratur
708 4112 823 4167 alterius
837 4113 995 4168 mimiambi
1013 4116 1090 4169 haud
1109 4115 1247 4171 absimile.

163 4200 189 4265 3)
208 4196 313 4266 Magna
336 4214 409 4264 quae
432 4199 584 4253 intercedit
607 4201 764 4255 similitudo
787 4202 894 4270 lenoni,
919 4204 967 4270 qui
991 4205 1082 4257 estin
1101 4205 1247 4274 Adelphis,

81 4303 138 4338 cum
154 4284 212 4351 illo,
232 4284 281 4351 qui
300 4286 391 4337 estin
410 4285 548 4355 Rudente,
571 4289 638 4343 inde
656 4290 789 4343 nimirum
808 4291 978 4359 explicatur,
1002 4292 1077 4359 quod
1100 4294 1247 4361 utriusque

81 4389 218 4427 commuue
237 4375 298 4427 crat
317 4374 459 4442 exemplar
477 4374 594 4443 Diphili.

160 4465 187 4530 4)
205 4460 297 4514 Aliter
316 4478 349 4515 ac
367 4462 509 4530 Battarus,
528 4464 578 4531 qui
596 4465 657 4533 ipse
676 4466 797 4519 alterum
815 4468 846 4520 in
864 4468 908 4521 ius
927 4469 1044 4521 vocavit.
