<?xml version="1.0" encoding="UTF-8"?>
<!DOCTYPE html PUBLIC "-//W3C//DTD XHTML 1.0 Transitional//EN"
    "http://www.w3.org/TR/xhtml1/DTD/xhtml1-transitional.dtd">
<html xmlns="http://www.w3.org/1999/xhtml" xml:lang="en" lang="en">
 <head>
  <title>
</title>
<meta http-equiv="Content-Type" content="text/html;charset=utf-8" />
  <meta name='ocr-system' content='tesseract 3.04.00' />
  <meta name='ocr-capabilities' content='ocr_page ocr_carea ocr_par ocr_line ocrx_word'/>
</head>
<body>
  <div class='ocr_page' id='page_1' title='image "./herodasinmimiam01krakgoog_0051.png"; bbox 0 0 2996 5088; ppageno 0'>
   <div class='ocr_carea' id='block_1_1' title="bbox 214 328 919 397">
    <p class='ocr_par' dir='ltr' id='par_1_1' title="bbox 214 328 919 397">
     <span class='ocr_line' id='line_1_1' title="bbox 214 328 919 397; baseline -0.007 -16"><span class='ocrx_word' id='word_1_1' title='bbox 214 328 361 397; x_wconf 74' lang='lat' dir='ltr'>Mimvn,</span> <span class='ocrx_word' id='word_1_2' title='bbox 376 333 525 397; x_wconf 60' lang='lat' dir='ltr'>ederas</span> <span class='ocrx_word' id='word_1_3' title='bbox 695 369 740 377; x_wconf 83' lang='grc'>-</span> <span class='ocrx_word' id='word_1_4' title='bbox 785 331 828 394; x_wconf 76' lang='grc'>46</span> <span class='ocrx_word' id='word_1_5' title='bbox 873 369 919 376; x_wconf 80' lang='grc'>-</span> 
     </span>
    </p>
   </div>
   <div class='ocr_carea' id='block_1_2' title="bbox 217 506 1291 821">
    <p class='ocr_par' dir='ltr' id='par_1_2' title="bbox 217 506 1291 821">
     <span class='ocr_line' id='line_1_2' title="bbox 304 506 938 593; baseline 0 -21"><span class='ocrx_word' id='word_1_6' title='bbox 304 532 334 573; x_wconf 83' lang='lat' dir='ltr'>v.</span> <span class='ocrx_word' id='word_1_7' title='bbox 352 509 409 573; x_wconf 84' lang='lat'>46:</span> <span class='ocrx_word' id='word_1_8' title='bbox 433 511 469 574; x_wconf 82' lang='grc' dir='ltr'>οἳ</span> <span class='ocrx_word' id='word_1_9' title='bbox 488 506 552 590; x_wconf 81' lang='grc' dir='ltr'>κήν</span> <span class='ocrx_word' id='word_1_10' title='bbox 574 507 617 593; x_wconf 81' lang='grc' dir='ltr'>όῃ</span> <span class='ocrx_word' id='word_1_11' title='bbox 644 509 728 584; x_wconf 84' lang='grc' dir='ltr'><strong><em>Ζεὺς</em></strong></span> <span class='ocrx_word' id='word_1_12' title='bbox 750 516 849 573; x_wconf 87' lang='grc' dir='ltr'><strong><em>τοῦτο</em></strong></span> <span class='ocrx_word' id='word_1_13' title='bbox 872 515 938 591; x_wconf 85' lang='grc' dir='ltr'>μοῦ</span> 
     </span>
     <span class='ocr_line' id='line_1_3' title="bbox 427 609 1291 700; baseline 0 -22"><span class='ocrx_word' id='word_1_14' title='bbox 427 611 528 699; x_wconf 45' lang='grc' dir='ltr'>(φέρ’,</span> <span class='ocrx_word' id='word_1_15' title='bbox 552 616 583 678; x_wconf 82' lang='grc' dir='ltr'>εἰ</span> <span class='ocrx_word' id='word_1_16' title='bbox 605 613 718 697; x_wconf 83' lang='grc' dir='ltr'><strong><em>φέρεις</em></strong></span> <span class='ocrx_word' id='word_1_17' title='bbox 741 634 785 678; x_wconf 87' lang='grc' dir='ltr'>τι·</span> <span class='ocrx_word' id='word_1_18' title='bbox 804 611 920 679; x_wconf 77' lang='grc' dir='ltr'><strong><em>’τᾶλλα</em></strong></span> <span class='ocrx_word' id='word_1_19' title='bbox 943 610 1105 699; x_wconf 72' lang='grc' dir='ltr'><strong><em>θαψήιλῶς</em></strong></span> <span class='ocrx_word' id='word_1_20' title='bbox 1127 609 1291 700; x_wconf 69' lang='grc' dir='ltr'><strong><em>έ)αται(θ)</em></strong></span> 
     </span>
     <span class='ocr_line' id='line_1_4' title="bbox 217 735 802 821; baseline -0.003 -19"><span class='ocrx_word' id='word_1_21' title='bbox 217 739 256 803; x_wconf 86' lang='lat' dir='ltr'>of.</span> <span class='ocrx_word' id='word_1_22' title='bbox 275 740 313 803; x_wconf 83' lang='lat' dir='ltr'>fr.</span> <span class='ocrx_word' id='word_1_23' title='bbox 334 739 439 821; x_wconf 88' lang='lat' dir='ltr'>adesp.</span> <span class='ocrx_word' id='word_1_24' title='bbox 461 738 534 820; x_wconf 89' lang='lat'>118,</span> <span class='ocrx_word' id='word_1_25' title='bbox 552 735 601 801; x_wconf 88' lang='lat' dir='ltr'>HI</span> <span class='ocrx_word' id='word_1_26' title='bbox 618 759 648 820; x_wconf 92' lang='lat' dir='ltr'>p.</span> <span class='ocrx_word' id='word_1_27' title='bbox 668 736 735 801; x_wconf 83' lang='lat'>430</span> <span class='ocrx_word' id='word_1_28' title='bbox 749 737 802 800; x_wconf 75' lang='lat' dir='ltr'>K:</span> 
     </span>
    </p>
   </div>
   <div class='ocr_carea' id='block_1_3' title="bbox 304 859 1488 1207">
    <p class='ocr_par' dir='ltr' id='par_1_3' title="bbox 304 859 1488 1207">
     <span class='ocr_line' id='line_1_5' title="bbox 304 859 1396 948; baseline -0.001 -22"><span class='ocrx_word' id='word_1_29' title='bbox 304 868 345 926; x_wconf 90' lang='lat' dir='ltr'>A.</span> <span class='ocrx_word' id='word_1_30' title='bbox 373 863 432 927; x_wconf 86' lang='grc' dir='ltr'>τὸν</span> <span class='ocrx_word' id='word_1_31' title='bbox 455 864 523 926; x_wconf 84' lang='grc' dir='ltr'>Δία</span> <span class='ocrx_word' id='word_1_32' title='bbox 546 862 584 926; x_wconf 74' lang='lat' dir='ltr'>dl</span> <span class='ocrx_word' id='word_1_33' title='bbox 611 872 681 937; x_wconf 85' lang='grc' dir='ltr'>πῶς</span> <span class='ocrx_word' id='word_1_34' title='bbox 703 861 807 926; x_wconf 81' lang='grc' dir='ltr'><strong><em>ὕοντα</em></strong></span> <span class='ocrx_word' id='word_1_35' title='bbox 830 859 911 948; x_wconf 88' lang='lat' dir='ltr'>(soil.</span> <span class='ocrx_word' id='word_1_36' title='bbox 935 859 1153 947; x_wconf 71' lang='grc' dir='ltr'><strong><em>ἀμύνεσθαι),</em></strong></span> <span class='ocrx_word' id='word_1_37' title='bbox 1180 861 1240 925; x_wconf 87' lang='grc' dir='ltr'>τὸν</span> <span class='ocrx_word' id='word_1_38' title='bbox 1267 859 1396 944; x_wconf 80' lang='grc' dir='ltr'><strong><em>βορέαν</em></strong></span> 
     </span>
     <span class='ocr_line' id='line_1_6' title="bbox 428 952 1488 1207; baseline -0.001 -176"><span class='ocrx_word' id='word_1_39' title='bbox 428 968 466 1033; x_wconf 75' lang='grc' dir='ltr'>δὲ</span> <span class='ocrx_word' id='word_1_40' title='bbox 489 978 572 1047; x_wconf 69' lang='grc' dir='ltr'>πῶς,</span> <span class='ocrx_word' id='word_1_41' title='bbox 1481 952 1488 1207; x_wconf 58' lang='lat'><strong>¹</strong></span> 
     </span>
    </p>
   </div>
   <div class='ocr_carea' id='block_1_4' title="bbox 303 1107 1061 1298">
    <p class='ocr_par' dir='ltr' id='par_1_4' title="bbox 303 1107 1061 1298">
     <span class='ocr_line' id='line_1_7' title="bbox 303 1107 957 1194; baseline -0.005 -20"><span class='ocrx_word' id='word_1_42' title='bbox 303 1114 341 1174; x_wconf 90' lang='lat' dir='ltr'>B.</span> <span class='ocrx_word' id='word_1_43' title='bbox 366 1112 525 1194; x_wconf 84' lang='grc' dir='ltr'><strong><em>ζητοῦμεν</em></strong></span> <span class='ocrx_word' id='word_1_44' title='bbox 549 1107 691 1192; x_wconf 85' lang='grc' dir='ltr'><strong><em>λμότιον,</em></strong></span> <span class='ocrx_word' id='word_1_45' title='bbox 715 1110 957 1191; x_wconf 85' lang='grc' dir='ltr'><strong><em>βαλανεῖον...</em></strong></span> 
     </span>
     <span class='ocr_line' id='line_1_8' title="bbox 366 1213 1061 1298; baseline -0.001 -19"><span class='ocrx_word' id='word_1_46' title='bbox 366 1215 428 1298; x_wconf 84' lang='grc' dir='ltr'>οὐχ</span> <span class='ocrx_word' id='word_1_47' title='bbox 450 1214 588 1298; x_wconf 83' lang='grc' dir='ltr'><strong><em>ὑόμενοι</em></strong></span> <span class='ocrx_word' id='word_1_48' title='bbox 610 1213 777 1297; x_wconf 75' lang='grc' dir='ltr'>καθήμεθ’</span> <span class='ocrx_word' id='word_1_49' title='bbox 806 1214 886 1279; x_wconf 77' lang='grc' dir='ltr'><strong><em>οὐδὲ</em></strong></span> <span class='ocrx_word' id='word_1_50' title='bbox 908 1215 1061 1297; x_wconf 77' lang='grc' dir='ltr'><strong><em>κλαίομεν.</em></strong></span> 
     </span>
    </p>
   </div>
   <div class='ocr_carea' id='block_1_5' title="bbox 213 1335 1396 2201">
    <p class='ocr_par' dir='ltr' id='par_1_5' title="bbox 213 1335 1396 2201">
     <span class='ocr_line' id='line_1_9' title="bbox 303 1335 1159 1423; baseline 0 -21"><span class='ocrx_word' id='word_1_51' title='bbox 303 1361 332 1402; x_wconf 80' lang='lat' dir='ltr'>v.</span> <span class='ocrx_word' id='word_1_52' title='bbox 351 1338 408 1402; x_wconf 78' lang='lat'>64:</span> <span class='ocrx_word' id='word_1_53' title='bbox 440 1341 543 1403; x_wconf 89' lang='grc' dir='ltr'><strong><em>κόσον</em></strong></span> <span class='ocrx_word' id='word_1_54' title='bbox 565 1341 701 1423; x_wconf 78' lang='grc' dir='ltr'><strong><em>χρελζεις</em></strong></span> <span class='ocrx_word' id='word_1_55' title='bbox 724 1335 804 1402; x_wconf 76' lang='grc' dir='ltr'><strong><em>κεῖν’</em></strong></span> <span class='ocrx_word' id='word_1_56' title='bbox 832 1337 850 1402; x_wconf 82' lang='lat' dir='ltr'>d</span> <span class='ocrx_word' id='word_1_57' title='bbox 874 1340 1025 1421; x_wconf 91' lang='grc' dir='ltr'><strong><em>πρόσθεν</em></strong></span> <span class='ocrx_word' id='word_1_58' title='bbox 1047 1339 1159 1421; x_wconf 88' lang='grc' dir='ltr'><strong><em>ήειρας</em></strong></span> 
     </span>
     <span class='ocr_line' id='line_1_10' title="bbox 437 1441 1208 1527; baseline -0.003 -19"><span class='ocrx_word' id='word_1_59' title='bbox 437 1444 630 1527; x_wconf 84' lang='grc' dir='ltr'><strong><em>ἀπεμπολήν</em></strong></span> <span class='ocrx_word' id='word_1_60' title='bbox 653 1443 690 1507; x_wconf 87' lang='grc' dir='ltr'>τὸ</span> <span class='ocrx_word' id='word_1_61' title='bbox 716 1446 843 1526; x_wconf 81' lang='grc' dir='ltr'><strong><em>ζεῦγος;</em></strong></span> <span class='ocrx_word' id='word_1_62' title='bbox 866 1443 950 1508; x_wconf 79' lang='grc' dir='ltr'><strong><em>ἀλλὰ</em></strong></span> <span class='ocrx_word' id='word_1_63' title='bbox 972 1443 1016 1527; x_wconf 87' lang='grc' dir='ltr'>μή</span> <span class='ocrx_word' id='word_1_64' title='bbox 1039 1441 1208 1526; x_wconf 84' lang='grc' dir='ltr'><strong><em>βροντέων</em></strong></span> 
     </span>
     <span class='ocr_line' id='line_1_11' title="bbox 438 1547 1198 1635; baseline -0.003 -21"><span class='ocrx_word' id='word_1_65' title='bbox 438 1549 537 1625; x_wconf 85' lang='grc' dir='ltr'><strong><em>αὐτὸς</em></strong></span> <span class='ocrx_word' id='word_1_66' title='bbox 561 1552 603 1614; x_wconf 89' lang='grc' dir='ltr'>σὺ</span> <span class='ocrx_word' id='word_1_67' title='bbox 626 1548 748 1635; x_wconf 79' lang='grc' dir='ltr'><strong><em>τρέψῃς</em></strong></span> <span class='ocrx_word' id='word_1_68' title='bbox 771 1547 868 1633; x_wconf 77' lang='grc' dir='ltr'><strong><em>μέζον</em></strong></span> <span class='ocrx_word' id='word_1_69' title='bbox 891 1551 939 1626; x_wconf 78' lang='grc' dir='ltr'>είς</span> <span class='ocrx_word' id='word_1_70' title='bbox 961 1549 1075 1632; x_wconf 81' lang='grc' dir='ltr'><strong><em>φυγήν</em></strong></span> <span class='ocrx_word' id='word_1_71' title='bbox 1098 1547 1198 1632; x_wconf 83' lang='grc' dir='ltr'><strong><em>ήμέας</em></strong></span> 
     </span>
     <span class='ocr_line' id='line_1_12' title="bbox 303 1690 1393 1775; baseline -0.001 -20"><span class='ocrx_word' id='word_1_72' title='bbox 303 1690 372 1756; x_wconf 90' lang='lat' dir='ltr'>Iam</span> <span class='ocrx_word' id='word_1_73' title='bbox 405 1713 503 1775; x_wconf 89' lang='lat' dir='ltr'>supra</span> <span class='ocrx_word' id='word_1_74' title='bbox 534 1691 676 1756; x_wconf 85' lang='lat' dir='ltr'>breviter</span> <span class='ocrx_word' id='word_1_75' title='bbox 701 1692 887 1755; x_wconf 86' lang='lat' dir='ltr'>monuimus</span> <span class='ocrx_word' id='word_1_76' title='bbox 914 1690 949 1754; x_wconf 90' lang='lat' dir='ltr'>in</span> <span class='ocrx_word' id='word_1_77' title='bbox 977 1690 1142 1755; x_wconf 82' lang='lat' dir='ltr'>comoedia</span> <span class='ocrx_word' id='word_1_78' title='bbox 1174 1712 1228 1755; x_wconf 89' lang='lat' dir='ltr'>eos</span> <span class='ocrx_word' id='word_1_79' title='bbox 1262 1692 1393 1756; x_wconf 78' lang='lat' dir='ltr'>obviam</span> 
     </span>
     <span class='ocr_line' id='line_1_13' title="bbox 214 1797 1395 1882; baseline 0 -21"><span class='ocrx_word' id='word_1_80' title='bbox 214 1797 294 1882; x_wconf 86' lang='lat' dir='ltr'>fieri,</span> <span class='ocrx_word' id='word_1_81' title='bbox 317 1797 374 1881; x_wconf 91' lang='lat' dir='ltr'>qui</span> <span class='ocrx_word' id='word_1_82' title='bbox 397 1802 551 1881; x_wconf 89' lang='lat' dir='ltr'>quantam</span> <span class='ocrx_word' id='word_1_83' title='bbox 571 1797 634 1862; x_wconf 90' lang='lat' dir='ltr'>sibi</span> <span class='ocrx_word' id='word_1_84' title='bbox 657 1797 769 1861; x_wconf 87' lang='lat' dir='ltr'>afferet</span> <span class='ocrx_word' id='word_1_85' title='bbox 791 1797 974 1861; x_wconf 78' lang='lat' dir='ltr'><strong>molestiam</strong></span> <span class='ocrx_word' id='word_1_86' title='bbox 987 1797 1179 1862; x_wconf 77' lang='lat' dir='ltr'>cetariorum</span> <span class='ocrx_word' id='word_1_87' title='bbox 1198 1798 1395 1882; x_wconf 79' lang='lat' dir='ltr'><strong>arrogantia,</strong></span> 
     </span>
     <span class='ocr_line' id='line_1_14' title="bbox 213 1899 1396 1990; baseline 0 -24"><span class='ocrx_word' id='word_1_88' title='bbox 213 1903 439 1990; x_wconf 61' lang='lat' dir='ltr'>indignantem</span> <span class='ocrx_word' id='word_1_89' title='bbox 465 1926 532 1968; x_wconf 93' lang='lat' dir='ltr'>non</span> <span class='ocrx_word' id='word_1_90' title='bbox 560 1903 600 1967; x_wconf 88' lang='lat' dir='ltr'>ad</span> <span class='ocrx_word' id='word_1_91' title='bbox 629 1907 793 1987; x_wconf 85' lang='lat' dir='ltr'>praetores</span> <span class='ocrx_word' id='word_1_92' title='bbox 816 1906 883 1966; x_wconf 90' lang='lat' dir='ltr'>tam</span> <span class='ocrx_word' id='word_1_93' title='bbox 907 1902 1055 1966; x_wconf 80' lang='lat' dir='ltr'>difficiles</span> <span class='ocrx_word' id='word_1_94' title='bbox 1079 1924 1147 1967; x_wconf 90' lang='lat' dir='ltr'>esse</span> <span class='ocrx_word' id='word_1_95' title='bbox 1170 1903 1275 1967; x_wconf 86' lang='lat' dir='ltr'>aditus</span> <span class='ocrx_word' id='word_1_96' title='bbox 1299 1899 1396 1988; x_wconf 88' lang='lat' dir='ltr'>(Am-</span> 
     </span>
     <span class='ocr_line' id='line_1_15' title="bbox 213 2006 1394 2095; baseline 0 -21"><span class='ocrx_word' id='word_1_97' title='bbox 213 2010 301 2094; x_wconf 90' lang='lat' dir='ltr'>phid.</span> <span class='ocrx_word' id='word_1_98' title='bbox 316 2009 354 2073; x_wconf 83' lang='lat' dir='ltr'>fr.</span> <span class='ocrx_word' id='word_1_99' title='bbox 369 2008 421 2094; x_wconf 83' lang='lat'>30,</span> <span class='ocrx_word' id='word_1_100' title='bbox 435 2008 468 2073; x_wconf 89' lang='lat' dir='ltr'><strong>H</strong></span> <span class='ocrx_word' id='word_1_101' title='bbox 481 2032 511 2093; x_wconf 91' lang='lat' dir='ltr'>p.</span> <span class='ocrx_word' id='word_1_102' title='bbox 527 2009 593 2073; x_wconf 80' lang='lat'>244</span> <span class='ocrx_word' id='word_1_103' title='bbox 607 2006 660 2095; x_wconf 90' lang='lat' dir='ltr'>K.)</span> <span class='ocrx_word' id='word_1_104' title='bbox 689 2008 925 2073; x_wconf 77' lang='lat' dir='ltr'>intolerabilem</span> <span class='ocrx_word' id='word_1_105' title='bbox 942 2030 1020 2072; x_wconf 80' lang='lat' dir='ltr'>vero</span> <span class='ocrx_word' id='word_1_106' title='bbox 1039 2009 1302 2073; x_wconf 73' lang='lat' dir='ltr'>consuetudinem</span> <span class='ocrx_word' id='word_1_107' title='bbox 1321 2031 1394 2074; x_wconf 87' lang='lat' dir='ltr'>esse</span> 
     </span>
     <span class='ocr_line' id='line_1_16' title="bbox 214 2111 1394 2201; baseline -0.002 -21"><span class='ocrx_word' id='word_1_108' title='bbox 214 2138 325 2180; x_wconf 85' lang='lat' dir='ltr'>eorum</span> <span class='ocrx_word' id='word_1_109' title='bbox 348 2115 444 2199; x_wconf 89' lang='lat' dir='ltr'>pretii</span> <span class='ocrx_word' id='word_1_110' title='bbox 466 2115 697 2199; x_wconf 86' lang='lat' dir='ltr'>pronuntiandi</span> <span class='ocrx_word' id='word_1_111' title='bbox 720 2112 774 2201; x_wconf 83' lang='lat' dir='ltr'>(ef.</span> <span class='ocrx_word' id='word_1_112' title='bbox 787 2112 879 2178; x_wconf 82' lang='lat' dir='ltr'>Alex.</span> <span class='ocrx_word' id='word_1_113' title='bbox 898 2115 935 2178; x_wconf 79' lang='lat' dir='ltr'>ir.</span> <span class='ocrx_word' id='word_1_114' title='bbox 956 2115 1012 2198; x_wconf 86' lang='lat'>16,</span> <span class='ocrx_word' id='word_1_115' title='bbox 1030 2113 1063 2178; x_wconf 89' lang='lat' dir='ltr'><strong>H</strong></span> <span class='ocrx_word' id='word_1_116' title='bbox 1080 2136 1111 2197; x_wconf 89' lang='lat' dir='ltr'>p.</span> <span class='ocrx_word' id='word_1_117' title='bbox 1131 2114 1195 2178; x_wconf 84' lang='lat'>303</span> <span class='ocrx_word' id='word_1_118' title='bbox 1210 2111 1278 2201; x_wconf 74' lang='grc' dir='ltr'>Κ),</span> <span class='ocrx_word' id='word_1_119' title='bbox 1305 2115 1394 2198; x_wconf 88' lang='lat' dir='ltr'>apud</span> 
     </span>
    </p>
   </div>
   <div class='ocr_carea' id='block_1_6' title="bbox 213 2219 1395 2412">
    <p class='ocr_par' dir='ltr' id='par_1_6' title="bbox 213 2219 1395 2412">
     <span class='ocr_line' id='line_1_17' title="bbox 213 2219 1395 2308; baseline -0.001 -22"><span class='ocrx_word' id='word_1_120' title='bbox 213 2219 435 2306; x_wconf 76' lang='lat' dir='ltr'>Antiphonem</span> <span class='ocrx_word' id='word_1_121' title='bbox 458 2219 510 2308; x_wconf 87' lang='lat' dir='ltr'>(fr.</span> <span class='ocrx_word' id='word_1_122' title='bbox 527 2222 600 2305; x_wconf 83' lang='lat'><strong>166,</strong></span> <span class='ocrx_word' id='word_1_123' title='bbox 617 2220 650 2285; x_wconf 90' lang='lat' dir='ltr'>H</span> <span class='ocrx_word' id='word_1_124' title='bbox 664 2243 695 2304; x_wconf 89' lang='lat' dir='ltr'>p.</span> <span class='ocrx_word' id='word_1_125' title='bbox 711 2220 752 2284; x_wconf 83' lang='lat'>79</span> <span class='ocrx_word' id='word_1_126' title='bbox 767 2219 822 2307; x_wconf 88' lang='lat' dir='ltr'>K.)</span> <span class='ocrx_word' id='word_1_127' title='bbox 844 2220 986 2304; x_wconf 76' lang='lat' dir='ltr'>lapidem</span> <span class='ocrx_word' id='word_1_128' title='bbox 1010 2242 1078 2285; x_wconf 87' lang='lat' dir='ltr'>sese</span> <span class='ocrx_word' id='word_1_129' title='bbox 1097 2220 1167 2284; x_wconf 89' lang='lat' dir='ltr'>fieri</span> <span class='ocrx_word' id='word_1_130' title='bbox 1189 2221 1297 2285; x_wconf 90' lang='lat' dir='ltr'>neseio</span> <span class='ocrx_word' id='word_1_131' title='bbox 1317 2220 1395 2303; x_wconf 88' lang='lat' dir='ltr'>quis</span> 
     </span>
     <span class='ocr_line' id='line_1_18' title="bbox 214 2324 944 2412; baseline -0.001 -20"><span class='ocrx_word' id='word_1_132' title='bbox 214 2328 292 2392; x_wconf 87' lang='lat' dir='ltr'>dioit</span> <span class='ocrx_word' id='word_1_133' title='bbox 315 2332 469 2410; x_wconf 87' lang='lat' dir='ltr'>tanquam</span> <span class='ocrx_word' id='word_1_134' title='bbox 493 2327 521 2391; x_wconf 91' lang='lat' dir='ltr'>si</span> <span class='ocrx_word' id='word_1_135' title='bbox 544 2324 726 2412; x_wconf 71' lang='lat' dir='ltr'>Gorgonem</span> <span class='ocrx_word' id='word_1_136' title='bbox 750 2326 944 2409; x_wconf 83' lang='lat' dir='ltr'>adspexerit:</span> 
     </span>
    </p>
   </div>
   <div class='ocr_carea' id='block_1_7' title="bbox 428 2447 1126 2640">
    <p class='ocr_par' dir='ltr' id='par_1_7' title="bbox 428 2447 1126 2640">
     <span class='ocr_line' id='line_1_19' title="bbox 756 2447 1110 2534; baseline 0.003 -22"><span class='ocrx_word' id='word_1_137' title='bbox 756 2447 798 2532; x_wconf 82' lang='grc' dir='ltr'>ήν</span> <span class='ocrx_word' id='word_1_138' title='bbox 823 2450 882 2513; x_wconf 81' lang='grc' dir='ltr'>λθω</span> <span class='ocrx_word' id='word_1_139' title='bbox 906 2451 969 2534; x_wconf 79' lang='grc' dir='ltr'>γὰρ</span> <span class='ocrx_word' id='word_1_140' title='bbox 992 2449 1110 2532; x_wconf 78' lang='grc' dir='ltr'><strong><em>ἡλίκον</em></strong></span> 
     </span>
     <span class='ocr_line' id='line_1_20' title="bbox 428 2555 1126 2640; baseline -0.003 -19"><span class='ocrx_word' id='word_1_141' title='bbox 428 2558 531 2639; x_wconf 78' lang='grc' dir='ltr'><strong><em>ἰχθὺν</em></strong></span> <span class='ocrx_word' id='word_1_142' title='bbox 554 2555 636 2621; x_wconf 88' lang='grc' dir='ltr'><strong><em>όσου</em></strong></span> <span class='ocrx_word' id='word_1_143' title='bbox 659 2565 787 2640; x_wconf 83' lang='grc' dir='ltr'><strong><em>τιμῶσι,</em></strong></span> <span class='ocrx_word' id='word_1_144' title='bbox 810 2557 980 2638; x_wconf 78' lang='grc' dir='ltr'><strong><em>πήγνυμαι</em></strong></span> <span class='ocrx_word' id='word_1_145' title='bbox 1002 2565 1126 2638; x_wconf 80' lang='grc' dir='ltr'><strong><em>σαφῶς.</em></strong></span> 
     </span>
    </p>
   </div>
   <div class='ocr_carea' id='block_1_8' title="bbox 141 2695 1497 3009">
    <p class='ocr_par' dir='ltr' id='par_1_8' title="bbox 141 2695 1497 3009">
     <span class='ocr_line' id='line_1_21' title="bbox 302 2695 1497 2781; baseline -0.001 -20"><span class='ocrx_word' id='word_1_146' title='bbox 302 2697 390 2762; x_wconf 88' lang='lat' dir='ltr'>Hine</span> <span class='ocrx_word' id='word_1_147' title='bbox 412 2698 548 2762; x_wconf 84' lang='lat' dir='ltr'>fortasse</span> <span class='ocrx_word' id='word_1_148' title='bbox 572 2696 758 2781; x_wconf 63' lang='lat' dir='ltr'>explicam,</span> <span class='ocrx_word' id='word_1_149' title='bbox 778 2718 835 2762; x_wconf 86' lang='lat' dir='ltr'>eur</span> <span class='ocrx_word' id='word_1_150' title='bbox 856 2698 924 2760; x_wconf 87' lang='lat' dir='ltr'>tam</span> <span class='ocrx_word' id='word_1_151' title='bbox 943 2696 1096 2780; x_wconf 79' lang='lat' dir='ltr'>gravibus</span> <span class='ocrx_word' id='word_1_152' title='bbox 1118 2696 1225 2760; x_wconf 81' lang='lat' dir='ltr'>verbis</span> <span class='ocrx_word' id='word_1_153' title='bbox 1243 2695 1394 2760; x_wconf 87' lang='lat' dir='ltr'>Herodes</span> <span class='ocrx_word' id='word_1_154' title='bbox 1496 2765 1497 2778; x_wconf 15' lang='lat' dir='ltr'>p</span> 
     </span>
     <span class='ocr_line' id='line_1_22' title="bbox 141 2801 1497 2889; baseline -0.001 -21"><span class='ocrx_word' id='word_1_155' title='bbox 141 2839 145 2845; x_wconf 41' lang='lat' dir='ltr'>v</span> <span class='ocrx_word' id='word_1_156' title='bbox 213 2826 290 2868; x_wconf 92' lang='lat' dir='ltr'>usus</span> <span class='ocrx_word' id='word_1_157' title='bbox 314 2804 370 2868; x_wconf 87' lang='lat' dir='ltr'>sit:</span> <span class='ocrx_word' id='word_1_158' title='bbox 393 2803 562 2889; x_wconf 85' lang='grc' dir='ltr'><strong><em>βροντέων</em></strong></span> <span class='ocrx_word' id='word_1_159' title='bbox 577 2854 583 2867; x_wconf 93' lang='grc'><strong>.</strong></span> <span class='ocrx_word' id='word_1_160' title='bbox 599 2856 604 2867; x_wconf 92' lang='grc'><em>.</em></span> <span class='ocrx_word' id='word_1_161' title='bbox 621 2853 628 2866; x_wconf 94' lang='grc'><strong>.</strong></span> <span class='ocrx_word' id='word_1_162' title='bbox 643 2801 765 2888; x_wconf 79' lang='grc' dir='ltr'><strong><em>τρέψῃς</em></strong></span> <span class='ocrx_word' id='word_1_163' title='bbox 789 2803 835 2878; x_wconf 79' lang='grc' dir='ltr'>εἰς</span> <span class='ocrx_word' id='word_1_164' title='bbox 858 2804 982 2886; x_wconf 77' lang='grc' dir='ltr'><strong><em>φυγήν,</em></strong></span> <span class='ocrx_word' id='word_1_165' title='bbox 1006 2803 1122 2885; x_wconf 90' lang='lat' dir='ltr'>quibus</span> <span class='ocrx_word' id='word_1_166' title='bbox 1145 2802 1251 2866; x_wconf 85' lang='lat' dir='ltr'>verbis</span> <span class='ocrx_word' id='word_1_167' title='bbox 1275 2802 1393 2867; x_wconf 84' lang='lat' dir='ltr'>similis</span> <span class='ocrx_word' id='word_1_168' title='bbox 1496 2801 1497 2804; x_wconf 64' lang='grc'>’</span> 
     </span>
     <span class='ocr_line' id='line_1_23' title="bbox 215 2907 1282 3009; baseline -0.003 -35"><span class='ocrx_word' id='word_1_169' title='bbox 215 2910 359 2974; x_wconf 79' lang='lat' dir='ltr'>subiecta</span> <span class='ocrx_word' id='word_1_170' title='bbox 382 2913 431 2973; x_wconf 89' lang='lat' dir='ltr'>est</span> <span class='ocrx_word' id='word_1_171' title='bbox 453 2909 612 2974; x_wconf 88' lang='lat' dir='ltr'>sententia</span> <span class='ocrx_word' id='word_1_172' title='bbox 636 2912 734 2992; x_wconf 87' lang='lat' dir='ltr'>etque</span> <span class='ocrx_word' id='word_1_173' title='bbox 757 2907 807 2971; x_wconf 89' lang='lat' dir='ltr'>illi</span> <span class='ocrx_word' id='word_1_174' title='bbox 829 2911 1015 3009; x_wconf 87' lang='lat' dir='ltr'>praetorum</span> <span class='ocrx_word' id='word_1_175' title='bbox 1038 2908 1282 2991; x_wconf 85' lang='lat' dir='ltr'>comparationi.</span> 
     </span>
    </p>
   </div>
   <div class='ocr_carea' id='block_1_9' title="bbox 301 3013 624 3100">
    <p class='ocr_par' dir='ltr' id='par_1_9' title="bbox 301 3013 624 3100">
     <span class='ocr_line' id='line_1_24' title="bbox 301 3013 624 3100; baseline -0.003 -21"><span class='ocrx_word' id='word_1_176' title='bbox 301 3014 453 3100; x_wconf 83' lang='lat' dir='ltr'>Adiungo</span> <span class='ocrx_word' id='word_1_177' title='bbox 476 3013 624 3079; x_wconf 88' lang='lat' dir='ltr'>Herodae</span> 
     </span>
    </p>
   </div>
   <div class='ocr_carea' id='block_1_10' title="bbox 302 3135 1136 3327">
    <p class='ocr_par' dir='ltr' id='par_1_10' title="bbox 302 3135 1136 3327">
     <span class='ocr_line' id='line_1_25' title="bbox 302 3135 1136 3224; baseline -0.001 -21"><span class='ocrx_word' id='word_1_178' title='bbox 302 3162 330 3203; x_wconf 83' lang='lat' dir='ltr'>v.</span> <span class='ocrx_word' id='word_1_179' title='bbox 351 3140 406 3204; x_wconf 80' lang='lat' dir='ltr'>ll:</span> <span class='ocrx_word' id='word_1_180' title='bbox 429 3141 463 3204; x_wconf 82' lang='grc' dir='ltr'>τί</span> <span class='ocrx_word' id='word_1_181' title='bbox 483 3139 698 3224; x_wconf 78' lang='grc' dir='ltr'><strong><em>τονθορόξεις</em></strong></span> <span class='ocrx_word' id='word_1_182' title='bbox 720 3137 803 3203; x_wconf 86' lang='grc' dir='ltr'>κούκ</span> <span class='ocrx_word' id='word_1_183' title='bbox 826 3135 986 3222; x_wconf 87' lang='grc' dir='ltr'><strong><em>έλευθέρῃ</em></strong></span> <span class='ocrx_word' id='word_1_184' title='bbox 1009 3138 1136 3222; x_wconf 80' lang='grc' dir='ltr'><strong><em>φλόσσῃ</em></strong></span> 
     </span>
     <span class='ocr_line' id='line_1_26' title="bbox 435 3240 1062 3327; baseline -0.006 -17"><span class='ocrx_word' id='word_1_185' title='bbox 435 3246 494 3310; x_wconf 90' lang='grc' dir='ltr'>τὸν</span> <span class='ocrx_word' id='word_1_186' title='bbox 516 3254 612 3326; x_wconf 85' lang='grc' dir='ltr'><strong><em>τῖμον</em></strong></span> <span class='ocrx_word' id='word_1_187' title='bbox 635 3244 724 3320; x_wconf 84' lang='grc' dir='ltr'><strong><em>ὅστις</em></strong></span> <span class='ocrx_word' id='word_1_188' title='bbox 747 3240 838 3308; x_wconf 77' lang='grc' dir='ltr'><strong><em>ἐστὶν</em></strong></span> <span class='ocrx_word' id='word_1_189' title='bbox 860 3240 1062 3327; x_wconf 78' lang='grc' dir='ltr'><strong><em>ἐξεθίφῃσας.</em></strong></span> 
     </span>
    </p>
   </div>
   <div class='ocr_carea' id='block_1_11' title="bbox 214 3381 1330 3469">
    <p class='ocr_par' dir='ltr' id='par_1_11' title="bbox 214 3381 1330 3469">
     <span class='ocr_line' id='line_1_27' title="bbox 214 3381 1330 3469; baseline -0.004 -18"><span class='ocrx_word' id='word_1_190' title='bbox 214 3386 285 3463; x_wconf 83' lang='lat' dir='ltr'>Quo</span> <span class='ocrx_word' id='word_1_191' title='bbox 309 3407 381 3451; x_wconf 86' lang='lat' dir='ltr'>eum</span> <span class='ocrx_word' id='word_1_192' title='bbox 404 3387 476 3451; x_wconf 90' lang='lat' dir='ltr'>loeo</span> <span class='ocrx_word' id='word_1_193' title='bbox 500 3384 678 3469; x_wconf 77' lang='lat' dir='ltr'>comparari</span> <span class='ocrx_word' id='word_1_194' title='bbox 701 3388 810 3468; x_wconf 88' lang='lat' dir='ltr'>potest</span> <span class='ocrx_word' id='word_1_195' title='bbox 832 3384 871 3448; x_wconf 86' lang='lat' dir='ltr'>fr.</span> <span class='ocrx_word' id='word_1_196' title='bbox 885 3384 993 3468; x_wconf 88' lang='lat' dir='ltr'>edesp.</span> <span class='ocrx_word' id='word_1_197' title='bbox 1008 3382 1082 3467; x_wconf 82' lang='lat'><strong>365,</strong></span> <span class='ocrx_word' id='word_1_198' title='bbox 1096 3381 1146 3447; x_wconf 88' lang='lat' dir='ltr'>HI</span> <span class='ocrx_word' id='word_1_199' title='bbox 1160 3406 1190 3467; x_wconf 92' lang='lat' dir='ltr'>p.</span> <span class='ocrx_word' id='word_1_200' title='bbox 1205 3383 1330 3447; x_wconf 67' lang='lat' dir='ltr'>ltin:</span> 
     </span>
    </p>
   </div>
   <div class='ocr_carea' id='block_1_12' title="bbox 418 3506 1194 3700">
    <p class='ocr_par' dir='ltr' id='par_1_12' title="bbox 418 3506 1194 3700">
     <span class='ocr_line' id='line_1_28' title="bbox 418 3506 1194 3595; baseline -0.004 -21"><span class='ocrx_word' id='word_1_201' title='bbox 418 3508 452 3586; x_wconf 78' lang='grc' dir='ltr'>ἐς</span> <span class='ocrx_word' id='word_1_202' title='bbox 474 3510 511 3582; x_wconf 84' lang='grc' dir='ltr'>τὸ</span> <span class='ocrx_word' id='word_1_203' title='bbox 535 3509 682 3595; x_wconf 87' lang='grc' dir='ltr'><strong><em>φανερὸν</em></strong></span> <span class='ocrx_word' id='word_1_204' title='bbox 705 3508 767 3589; x_wconf 81' lang='grc' dir='ltr'>μὲν</span> <span class='ocrx_word' id='word_1_205' title='bbox 789 3508 864 3591; x_wconf 81' lang='grc' dir='ltr'><strong><em>οόχλ</em></strong></span> <span class='ocrx_word' id='word_1_206' title='bbox 886 3512 1052 3589; x_wconf 80' lang='grc' dir='ltr'><strong><em>τολμῶσιν</em></strong></span> <span class='ocrx_word' id='word_1_207' title='bbox 1075 3506 1194 3591; x_wconf 82' lang='grc' dir='ltr'><strong><em>λέγειν,</em></strong></span> 
     </span>
     <span class='ocr_line' id='line_1_29' title="bbox 418 3614 1088 3700; baseline -0.004 -20"><span class='ocrx_word' id='word_1_208' title='bbox 418 3616 750 3700; x_wconf 78' lang='grc' dir='ltr'><strong><em>ὑποτονθορύζουσιν</em></strong></span> <span class='ocrx_word' id='word_1_209' title='bbox 774 3614 811 3679; x_wconf 75' lang='grc' dir='ltr'>δὲ</span> <span class='ocrx_word' id='word_1_210' title='bbox 835 3616 1088 3700; x_wconf 80' lang='grc' dir='ltr'><strong><em>συγκεκυφότες.</em></strong></span> 
     </span>
    </p>
   </div>
   <div class='ocr_carea' id='block_1_13' title="bbox 213 3751 1395 4058">
    <p class='ocr_par' dir='ltr' id='par_1_13' title="bbox 213 3751 1395 4058">
     <span class='ocr_line' id='line_1_30' title="bbox 213 3751 1395 3842; baseline -0.008 -18"><span class='ocrx_word' id='word_1_211' title='bbox 213 3757 260 3824; x_wconf 90' lang='lat' dir='ltr'>Ut</span> <span class='ocrx_word' id='word_1_212' title='bbox 283 3755 399 3842; x_wconf 83' lang='lat' dir='ltr'>Corde,</span> <span class='ocrx_word' id='word_1_213' title='bbox 427 3757 474 3822; x_wconf 88' lang='lat' dir='ltr'>sie</span> <span class='ocrx_word' id='word_1_214' title='bbox 496 3756 653 3840; x_wconf 83' lang='lat' dir='ltr'>piscarius</span> <span class='ocrx_word' id='word_1_215' title='bbox 677 3777 804 3839; x_wconf 88' lang='lat' dir='ltr'>qnoque</span> <span class='ocrx_word' id='word_1_216' title='bbox 828 3754 897 3839; x_wconf 86' lang='lat' dir='ltr'>ille,</span> <span class='ocrx_word' id='word_1_217' title='bbox 925 3755 981 3837; x_wconf 91' lang='lat' dir='ltr'>qui</span> <span class='ocrx_word' id='word_1_218' title='bbox 1004 3758 1053 3818; x_wconf 92' lang='lat' dir='ltr'>est</span> <span class='ocrx_word' id='word_1_219' title='bbox 1075 3754 1161 3838; x_wconf 88' lang='lat' dir='ltr'>apud</span> <span class='ocrx_word' id='word_1_220' title='bbox 1183 3751 1395 3837; x_wconf 85' lang='lat' dir='ltr'>Amphidem,</span> 
     </span>
     <span class='ocr_line' id='line_1_31' title="bbox 214 3859 1395 3949; baseline -0.006 -20"><span class='ocrx_word' id='word_1_221' title='bbox 214 3865 353 3949; x_wconf 89' lang='lat' dir='ltr'>emptori</span> <span class='ocrx_word' id='word_1_222' title='bbox 385 3864 547 3929; x_wconf 81' lang='lat' dir='ltr'>haesitans</span> <span class='ocrx_word' id='word_1_223' title='bbox 579 3861 765 3946; x_wconf 87' lang='lat' dir='ltr'>respondet,</span> <span class='ocrx_word' id='word_1_224' title='bbox 792 3860 890 3945; x_wconf 91' lang='lat' dir='ltr'>idque</span> <span class='ocrx_word' id='word_1_225' title='bbox 925 3860 1022 3924; x_wconf 89' lang='lat' dir='ltr'>huius</span> <span class='ocrx_word' id='word_1_226' title='bbox 1057 3859 1157 3923; x_wconf 90' lang='lat' dir='ltr'>bilem</span> <span class='ocrx_word' id='word_1_227' title='bbox 1193 3879 1395 3945; x_wconf 86' lang='lat' dir='ltr'>magnopere</span> 
     </span>
     <span class='ocr_line' id='line_1_32' title="bbox 213 3965 582 4058; baseline -0.008 -22"><span class='ocrx_word' id='word_1_228' title='bbox 213 3976 322 4036; x_wconf 81' lang='lat' dir='ltr'>movet</span> <span class='ocrx_word' id='word_1_229' title='bbox 345 3969 399 4058; x_wconf 89' lang='lat' dir='ltr'>(ef.</span> <span class='ocrx_word' id='word_1_230' title='bbox 413 3971 451 4033; x_wconf 87' lang='lat' dir='ltr'>fr.</span> <span class='ocrx_word' id='word_1_231' title='bbox 466 3970 519 4053; x_wconf 92' lang='grc'>30,</span> <span class='ocrx_word' id='word_1_232' title='bbox 533 3965 582 4054; x_wconf 82' lang='lat'>5):</span> 
     </span>
    </p>
   </div>
   <div class='ocr_carea' id='block_1_14' title="bbox 426 4090 1160 4497">
    <p class='ocr_par' dir='ltr' id='par_1_14' title="bbox 427 4090 1138 4181">
     <span class='ocr_line' id='line_1_33' title="bbox 427 4090 1138 4181; baseline -0.007 -24"><span class='ocrx_word' id='word_1_233' title='bbox 427 4093 486 4170; x_wconf 79' lang='grc' dir='ltr'>οὓς</span> <span class='ocrx_word' id='word_1_234' title='bbox 508 4091 551 4157; x_wconf 74' lang='grc' dir='ltr'>ἂν</span> <span class='ocrx_word' id='word_1_235' title='bbox 574 4090 721 4181; x_wconf 77' lang='grc' dir='ltr'><strong><em>ἐρωτήσῃ</em></strong></span> <span class='ocrx_word' id='word_1_236' title='bbox 744 4114 794 4167; x_wconf 89' lang='grc' dir='ltr'>τις</span> <span class='ocrx_word' id='word_1_237' title='bbox 817 4090 994 4172; x_wconf 80' lang='grc' dir='ltr'><strong><em>ἀναλαβών</em></strong></span> <span class='ocrx_word' id='word_1_238' title='bbox 1016 4113 1048 4152; x_wconf 92' lang='grc' dir='ltr'>τι</span> <span class='ocrx_word' id='word_1_239' title='bbox 1070 4099 1138 4153; x_wconf 84' lang='grc' dir='ltr'>τῶν</span> 
     </span>
    </p>

    <p class='ocr_par' dir='ltr' id='par_1_15' title="bbox 426 4188 1129 4283">
     <span class='ocr_line' id='line_1_34' title="bbox 426 4188 1129 4283; baseline -0.007 -20"><span class='ocrx_word' id='word_1_240' title='bbox 426 4196 675 4283; x_wconf 79' lang='grc' dir='ltr'><strong><em>παρακειμένων</em></strong></span> <span class='ocrx_word' id='word_1_241' title='bbox 697 4195 821 4275; x_wconf 81' lang='grc' dir='ltr'><strong><em>έκυήεν</em></strong></span> <span class='ocrx_word' id='word_1_242' title='bbox 844 4188 952 4282; x_wconf 81' lang='grc' dir='ltr'><strong><em>ὥσπερ</em></strong></span> <span class='ocrx_word' id='word_1_243' title='bbox 981 4196 1129 4280; x_wconf 83' lang='grc' dir='ltr'><strong><em>Τήλεφος</em></strong></span> 
     </span>
    </p>

    <p class='ocr_par' dir='ltr' id='par_1_16' title="bbox 426 4312 764 4391">
     <span class='ocr_line' id='line_1_35' title="bbox 426 4312 688 4391; baseline -0.006 -21"><span class='ocrx_word' id='word_1_244' title='bbox 426 4314 560 4391; x_wconf 84' lang='grc' dir='ltr'><strong><em>πρῶτον</em></strong></span> <span class='ocrx_word' id='word_1_245' title='bbox 582 4312 688 4390; x_wconf 80' lang='grc' dir='ltr'><strong><em>σιωπή</em></strong></span> 
     </span>
    </p>

    <p class='ocr_par' dir='ltr' id='par_1_17' title="bbox 427 4406 1160 4497">
     <span class='ocr_line' id='line_1_36' title="bbox 427 4406 1160 4497; baseline -0.01 -20"><span class='ocrx_word' id='word_1_246' title='bbox 427 4412 508 4477; x_wconf 83' lang='grc' dir='ltr'><strong><em>ὡσεί</em></strong></span> <span class='ocrx_word' id='word_1_247' title='bbox 528 4434 563 4475; x_wconf 87' lang='grc' dir='ltr'>τε</span> <span class='ocrx_word' id='word_1_248' title='bbox 585 4409 756 4497; x_wconf 85' lang='grc' dir='ltr'><strong><em>προσέχων</em></strong></span> <span class='ocrx_word' id='word_1_249' title='bbox 779 4409 880 4474; x_wconf 78' lang='grc' dir='ltr'><strong><em>οὐδὲν</em></strong></span> <span class='ocrx_word' id='word_1_250' title='bbox 903 4406 982 4474; x_wconf 77' lang='grc' dir='ltr'><strong><em>οὐδ’</em></strong></span> <span class='ocrx_word' id='word_1_251' title='bbox 1004 4407 1160 4491; x_wconf 81' lang='grc' dir='ltr'><strong><em>ἀκηκοώς.</em></strong></span> 
     </span>
    </p>
   </div>
   <div class='ocr_carea' id='block_1_15' title="bbox 0 0 1502 5088">
    <p class='ocr_par' dir='ltr' id='par_1_18' title="bbox 0 0 1502 5088">
     <span class='ocr_line' id='line_1_37' title="bbox 0 0 1502 5088; baseline 0 0"><span class='ocrx_word' id='word_1_252' title='bbox 0 0 1502 5088; x_wconf 95' lang='lat' dir='ltr'> </span> 
     </span>
    </p>
   </div>
  </div>
 </body>
</html>
