2996 5088
72 301 217 368 mmm,
238 304 454 368 nummum.
563 341 607 349 -
652 302 695 365 33
741 341 785 349 -

72 480 282 545 Praeterieris
301 465 376 544 volo
390 479 549 565 attingere
562 478 649 543 hune
659 475 838 562 Sophronis
851 477 960 543 looum
975 474 1027 564 (fr.
1039 477 1102 542 129
1112 476 1257 564 Kaibell:

74 589 274 669 Δειπνήσας
297 586 463 663 ὠστίζεται
490 595 559 660 τοῖς
581 587 876 668 τρηματιζόντεσσι,
900 584 956 667 qui
982 586 1073 649 loeus
1091 585 1258 670 permagni

75 697 168 757 esset
191 691 355 773 momenti,
378 692 406 755 si
434 695 595 755 constaret
622 713 758 774 puerum
782 688 903 755 (lottali
930 691 1068 754 similem
1097 690 1169 774 diei,
1201 692 1258 774 qui

76 803 213 867 cenatus
237 799 321 862 inter
338 799 467 861 aleones
481 800 674 881 versaretur3
698 797 869 861 sedetiam
883 797 1027 861 mulieris
1046 797 1181 860 maritus
1201 800 1259 861 aut

78 904 222 987 quilibet
245 903 327 967 alius
350 907 458 985 potest
481 902 665 988 significari.

172 1033 201 1074 v.
215 1009 272 1072 24:
295 1008 478 1095 τριῦημέρῃ
501 1009 653 1094 Μάρωνα
677 1011 955 1093 γραμματλζοντος
1047 1058 1049 1063 ,

295 1125 357 1179 τοῦ
381 1116 503 1199 πατρὸς
526 1116 614 1202 αὐτῷ
634 1115 693 1179 τὸν
716 1117 868 1200 Μάρωνα
891 1114 1045 1199 ἐποίησεν

297 1215 394 1297 οὗτος
417 1224 556 1302 Σίμωνα
580 1222 768 1316 δχριγστός.

77 1344 121 1408 of.
136 1341 301 1428 Aristoph.
317 1367 402 1428 vesp.
419 1346 474 1409 97:

244 1452 299 1515 καλ
322 1452 363 1533 νὴ
385 1449 447 1516 Δί’
473 1449 516 1533 ἣν
540 1452 595 1536 ἴδῃ
619 1448 658 1532 γε’
679 1472 745 1514 που
769 1447 997 1534 γεγραμμένον

244 1556 321 1620 υλὸν
344 1557 588 1639 Πυριλάμπους
611 1553 648 1619 ἐν
670 1556 763 1641 θύρα
785 1560 922 1638 Δῆμον
944 1557 1080 1637 καλόν,

246 1662 307 1725 ἰὼν
329 1659 520 1745 παρέγραψε
543 1664 685 1744 πλησίον
708 1661 843 1744 *κημὸς
865 1661 1008 1737 καλός’.

172 1782 219 1849 Ut
233 1783 399 1849 Philocleo
417 1784 598 1849 incredibili
616 1785 741 1850 insania
759 1785 893 1849 effeetus
912 1806 1038 1869 semper
1052 1806 1160 1850 seeum
1178 1787 1259 1849 tales

80 1891 296 1976 cogitationes
329 1891 445 1973 volvit,
475 1912 556 1973 quae
588 1890 630 1954 ad
662 1890 779 1954 iudieia
811 1890 987 1974 pertinent3
1018 1891 1120 1974 κημὸς
1151 1896 1259 1955 autem

79 1998 177 2081 pom't
199 2019 258 2079 pro
281 2002 405 2079 Δῆμος,
429 1997 505 2080 quia
527 1996 608 2061 illud
631 2001 755 2079 partem
779 1997 939 2078 quandam
963 2005 1062 2061 urnae
1086 1998 1260 2083 signifieat:

83 2104 133 2168 sie
152 2101 299 2167 Gottalus
321 2124 381 2186 pro
403 2100 536 2168 Marone
559 2102 637 2165 faeit
661 2099 834 2185 Simonem,
859 2103 945 2185 quod
967 2103 1160 2167 vocabulum
1178 2106 1262 2168 alea-

81 2232 157 2272 rum
183 2209 303 2272 iactum
327 2208 498 2292 signifieat,
522 2208 560 2272 ef.
580 2208 678 2272 etiam
700 2207 824 2272 Eubuli
846 2209 884 2273 fr.
899 2207 951 2288 57,
965 2207 998 2272 H
1011 2231 1042 2293 p.
1060 2209 1122 2272 183
1130 2208 1170 2273 K.

172 2338 201 2378 v.
216 2315 273 2378 28:
296 2315 399 2379 adrev
423 2315 569 2378 διδάσκω
586 2365 592 2377 ,
608 2365 614 2376 .
631 2365 637 2377 .

298 2418 428 2485 δοκεῦσ’
456 2419 588 2503 άρωγὸν
610 2429 668 2503 τῆς
692 2419 814 2503 άωρίης
836 2419 930 2498 ἕξειν.

81 2544 123 2608 ef.
143 2566 182 2608 ex
201 2544 332 2609 incertis
352 2542 548 2608 incertorum
566 2539 629 2607 fab.
649 2543 692 2607 38
706 2567 736 2627 p.
754 2542 880 2607 141R³÷

298 2645 333 2712 Si
355 2670 441 2712 nune
463 2650 567 2712 redire
590 2652 700 2731 posset
722 2649 763 2712 ad
786 2670 919 2733 superos
943 2653 1042 2733 pater,

298 2753 361 2830 Qui
383 2759 416 2818 te
438 2757 585 2818 tutamen
607 2754 676 2818 fore
700 2758 843 2838 sperarat
865 2755 1006 2819 familiae

296 2859 480 2943 Domuique
503 2860 667 2924 uolumen

83 3005 166 3066 quae
189 2985 286 3048 matri
308 2985 360 3047 vel
382 2984 571 3069 paedagogo
594 2985 695 3048 tribui
716 2990 860 3068 possunt.

173 3112 202 3153 v.
216 3089 275 3153 48:
299 3091 472 3154 Κοττάλου
483 3138 490 3152 .
501 3139 525 3153 ..

82 3212 131 3278 Ut
166 3213 316 3276 lenonem
356 3212 589 3277 balbutientem
631 3217 663 3277 et
703 3213 916 3278 blaterantem
954 3211 1007 3301 (ef.
1040 3214 1259 3302 βατταρίζων)

86 3318 267 3404 Βάτταρον,
292 3321 433 3382 sutorem
446 3319 529 3383 lueri
548 3320 701 3403 cupidum
716 3319 879 3404 Κέρδωνα
897 3319 1081 3405 appellavit,
1100 3322 1146 3386 sie
1164 3323 1260 3387 etiam

85 3424 176 3507 pueri
212 3445 340 3508 nomen,
377 3425 405 3488 si
438 3425 516 3506 quid
547 3425 654 3509 video,
690 3427 815 3489 ratione
852 3425 1068 3512 etymologica
1099 3427 1261 3511 formavit,

86 3533 123 3593 ut
145 3529 260 3593 comiei
282 3530 349 3594 fere
367 3529 528 3594 faciebant
547 3527 601 3616 (ef.
616 3531 699 3594 infra
712 3554 743 3615 p.
758 3528 830 3618 43);
853 3553 967 3614 nempe
986 3533 1120 3597 aleatori
1142 3555 1261 3598 nomen

90 3632 217 3699 Cottalo
245 3636 364 3699 indidit
395 3635 436 3700 ob
465 3636 709 3701 similitudinem
736 3637 825 3702 vocis
852 3640 965 3714 κόττος
993 3636 1081 3726 (inde
1104 3637 1262 3725 κοττίζω),

87 3762 167 3824 quae
190 3742 294 3806 aleam
318 3742 488 3826 signifieat.

173 3869 202 3910 v.
218 3847 274 3911 66:
298 3845 362 3929 ἐγώ
387 3865 423 3912 σε
446 3851 541 3931 θήσω
565 3850 790 3934 κοσμιώτερον
812 3851 936 3934 κούρης

297 3963 455 4019 κινοῦντα
477 3955 561 4038 μηδὲ
583 3956 719 4040 κάρφος.

174 4074 297 4140 Eadem
320 4078 490 4173 proverbia
512 4078 653 4160 respexit
671 4076 906 4162 Aristophanes
920 4080 1053 4163 Lysistr.
1068 4079 1148 4144 473:

219 4180 288 4245 ἐπεὶ
311 4181 401 4247 θέλω
421 4180 486 4265 ’γὼ
510 4186 693 4269 σωφρόνως
717 4186 826 4269 ὥσπερ
849 4188 930 4269 κόρη
954 4192 1136 4270 καθῆσθαι,

219 4292 372 4353 λυποῦσα
394 4288 508 4372 μηδέν’
536 4289 667 4375 ἐνθαδί,
691 4300 832 4356 κινοῦσα
854 4294 937 4376 μηδὲ
960 4293 1095 4377 κάρφος.

90 4391 214 4457 Monuit
229 4392 360 4458 Orusius
381 4396 499 4462 Uetere.
514 4418 545 4479 p.
562 4397 611 4460 16.

996 4506 1011 4553 3
