2996 5088
249 329 325 382 afim.
336 329 357 396 1,
377 334 420 396 ιι,
436 334 477 382 55.
733 368 773 375 -
823 330 864 392 14
912 368 950 376 ..

410 509 647 590 ὁΜατακίνης
670 516 729 589 τῆς
752 509 938 571 Παταικίοο
963 508 1092 583 Γύλλος

409 614 427 678 ὁ
446 614 544 679 πέντε
568 613 687 678 νικέων
710 607 940 689 ἆθλα-παῖς
963 613 1025 694 μὲν
1048 612 1085 678 ἐν
1108 619 1234 697 Πυθοῖ,
1480 664 1482 702 ,

411 719 464 797 δὶς
488 718 517 785 δ
536 719 573 786 ἐν
596 723 758 805 Κορίνθῳ
782 722 859 795 τοὺς
885 725 1001 784 λὀνλον
1024 719 1232 794 ἀνθεῦντας.
1249 771 1278 784 ..
1476 712 1482 835 ρ

339 842 536 909 Adulescens
560 845 630 927 iste,
658 846 715 929 qui
736 868 794 930 per
817 845 1067 909 conciliatricem
1089 848 1167 908 vota
1189 867 1246 908 sua
1270 845 1310 908 ad
1333 867 1430 910 aures

248 948 427 1015 Metrichae
449 952 579 1034 perfert,
603 951 757 1036 gemellos
781 952 920 1033 quodam
944 951 1040 1015 modo
1063 951 1161 1015 habet
1189 951 1223 1014 in
1251 952 1428 1016 comoedia.

250 1053 384 1139 Saepius
408 1058 493 1121 enim
517 1059 552 1121 in
570 1058 808 1122 comoediarum
835 1057 940 1122 titulis
969 1058 1109 1121 occurrit
1136 1061 1428 1142 Παγκρατιαστήςε

246 1164 457 1247 cognomines
497 1169 588 1228 erant
628 1164 756 1228 fabulae
798 1161 957 1245 Alexidis,
997 1162 1211 1247 Philemonis,
1251 1163 1428 1248 Theophili

247 1271 300 1331 vel
323 1268 463 1354 Diphili,
495 1271 580 1353 apud
607 1270 771 1334 Romanos
799 1268 900 1353 Enni,
938 1270 994 1351 qui
1021 1269 1136 1334 titulus
1164 1270 1280 1350 ductus
1304 1276 1352 1335 est
1384 1272 1427 1335 ab

248 1375 379 1438 athletis
402 1376 526 1459 palmas
554 1400 573 1440 a
597 1399 630 1440 se
652 1378 735 1441 latas
758 1376 962 1457 iactantibus
986 1376 1127 1440 eiusdem
1152 1377 1275 1441 scilicet
1298 1378 1426 1462 generis

247 1482 448 1565 hominibus,
476 1484 567 1549 cuius
596 1488 671 1547 sunt
699 1483 819 1547 milites
847 1482 989 1566 gloriosi.
1039 1481 1202 1547 Nimirum
1232 1485 1268 1546 hi
1297 1485 1427 1569 pugiles

248 1586 384 1653 Veneris
412 1611 479 1653 non
508 1589 615 1652 minus
644 1589 774 1672 proeliis
803 1609 900 1670 quam
923 1586 1036 1653 Martis
1064 1593 1121 1652 aut
1143 1587 1291 1653 Herculis
1324 1591 1426 1654 fortes

248 1699 338 1758 erant
370 1699 467 1777 atque
497 1694 673 1780 spectati.¹)
719 1693 915 1759 Huiusmodi
947 1695 1124 1779 gloriosum
1156 1696 1300 1780 pugilem
1333 1697 1426 1761 audis
1478 1722 1479 1729 ¹

247 1800 354 1884 ipsum
379 1824 397 1865 e
419 1802 525 1865 verbis
549 1801 776 1865 conciliatricis
804 1800 999 1884 loquentem,
1023 1801 1079 1883 qui
1106 1798 1243 1866 fortaise
1271 1803 1425 1866 victorias

248 1907 420 1970 somniavit
442 1911 480 1971 ut
502 1907 557 1970 ille
581 1906 668 1989 apud
690 1904 899 1992 Alexidem.²)

336 2011 513 2096 Postquam
527 2013 600 2076 lena
614 2013 774 2076 enarravit
788 2013 970 2096 triumphos
984 2013 1114 2099 pugilis,
1133 2014 1197 2077 iam
1217 2017 1337 2078 ceteras
1357 2014 1426 2077 eius
1481 2016 1482 2067 ἶ

247 2123 405 2183 memorat
427 2120 563 2183 virtutes
586 2141 615 2182 v.
630 2118 686 2182 54:

408 2225 580 2290 πλοοτέὼν
603 2226 639 2288 τὸ
664 2228 776 2308 καλόν,
796 2227 876 2290 οὐδὲ
898 2228 1026 2311 κάρφος
1049 2225 1086 2290 ἐκ
1108 2235 1166 2307 τῆς
1190 2235 1250 2308 γῆς

407 2331 537 2414 κινέιον,
562 2333 700 2408 ἄθικτος
722 2334 778 2396 ναλ
801 2329 1013 2417 Κνθηρίηνὸ)
1038 2334 1190 2416 σφρηγί.

245 2454 327 2518 Eius
347 2456 472 2540 generis
490 2456 601 2519 laudes
619 2456 701 2519 lenis
719 2456 786 2519 fere
804 2477 981 2538 numquam
1001 2457 1208 2519 omittuntur:
1231 2457 1422 2540 pudicitiam

245 2562 335 2624 taire
366 2561 502 2625 laudunt
534 2584 659 2645 eorum,
677 2581 772 2645 'quos
801 2563 1023 2626 commendare
1059 2563 1182 2629 volunt.
1228 2560 1300 2626 Tali
1331 2563 1422 2626 lenae

246 2669 482 2750 praedicatione
506 2668 632 2752 decepti
649 2670 729 2734 haec
748 2673 823 2733 sunt
841 2668 940 2733 verba
963 2666 1145 2755 (Epicrates
1155 2669 1186 2752 9,
1199 2666 1232 2732 Η
1246 2691 1277 2753 p.
1292 2666 1421 2753 285K):

406 2791 524 2868 τελέως
545 2791 579 2874 μ’
606 2793 760 2873 ὑπῆλθεν
783 2793 803 2876 ἡ
826 2795 1008 2878 κατάρατος
1031 2796 1229 2877 μαστροπός,

408 2896 660 2981 ἐπομνάονσα
683 2901 753 2963 τάν
776 2902 925 2983 Κόραν,
949 2901 1019 2962 τάν
1035 2897 1225 2983 Ἄρτεμιν,

406 3006 476 3068 τάν
501 3004 796 3089 Φερρέφατταν,
820 3005 868 3081 ὡς
891 3005 1071 3086 δάμαλις,
1095 3006 1143 3080 ὡς
1166 3004 1380 3090 παρθένος,

407 3111 455 3186 ὡς
478 3116 605 3187 πῶλος
629 3110 763 3195 ἀδμής·
786 3113 807 3194 ἡ
831 3109 861 3175 δ’
889 3109 940 3196 ἀρ’
968 3106 1011 3194 ἦν
1033 3112 1163 3192 μνωνιά

406 3217 473 3299 ὅλη.

335 3338 434 3403 Vides
458 3343 565 3403 autem
589 3361 686 3421 quam
709 3361 775 3403 non
799 3339 926 3402 differat
948 3339 1025 3404 huic
1049 3338 1164 3422 Gyllis:
1188 3339 1263 3402 deas
1285 3343 1420 3403 testatur

247 3444 300 3529 (of.
308 3445 383 3509 Her.
392 3443 789 3533 mim.1,32,54,66‚86)4),
807 3446 904 3509 variis
918 3446 1022 3509 utitur
1035 3445 1232 3530 imaginibus
1245 3445 1286 3508 ad
1299 3445 1418 3529 pudici·
1481 3502 1482 3513 ,

336 3641 362 3708 1)
381 3638 415 3692 cf.
431 3637 543 3690 Crusius
563 3639 668 3692 Uetere.
681 3656 708 3706 p.
725 3643 766 3691 16.

336 3730 362 3797 2)
380 3726 413 3779 fr.
430 3732 490 3794 272,
504 3725 531 3778 H
543 3744 570 3795 p.
586 3727 677 3793 397K,
697 3727 772 3794 quod
792 3726 828 3779 ad
841 3726 1056 3780 Pancratiasten
1065 3726 1151 3779 refert
1160 3724 1330 3778 Meinekius:

440 3816 489 3870 καὶ
508 3814 562 3883 μὴν
582 3815 716 3869 ἐνύπνιον
735 3811 831 3883 οἴομαί
850 3812 879 3882 γ’
901 3812 1051 3882 ἑορακέναι

442 3901 594 3973 νικητικόν.
622 3902 653 3956 Β.
678 3901 736 3973 λέγ’
752 3901 829 3957 αὐτό.
858 3903 890 3955 Α.
914 3902 965 3956 τὸν
983 3911 1053 3957 νοῦν
1071 3900 1189 3971 πρόσεχε
1209 3901 1252 3968 δή.

442 3994 472 4047 ἐν
490 3997 529 4066 τῷ
548 3989 651 4064 σταδίῳ
670 4001 726 4046 τῶν
744 3993 958 4060 ἀνταγωνιστῶν
977 3989 1010 4061 μέ
1027 4011 1069 4052 τις

442 4079 533 4136 ἐδόκει
552 4090 710 4149 στεφανοῦν
729 4081 833 4151 γυμνὸς
849 4081 1014 4149 προσελθών
1029 4121 1034 4133 .
1052 4121 1080 4135 ,.

335 4175 362 4240 3)
381 4170 430 4225 ναὶ
448 4173 523 4223 Κοθ.
538 4168 700 4238 Buecheler,
719 4169 867 4237 Zielinski3
887 4169 915 4232 ἐς
933 4167 1023 4235 Orus,
1047 4168 1082 4222 de
1100 4167 1248 4237 proverbio
1267 4166 1333 4221 οὐδὲ
1351 4166 1415 4235 κάρ-

244 4279 301 4329 φος
320 4302 325 4312 .
342 4301 370 4313 ..
390 4258 491 4314 κινέων
510 4258 574 4311 vide
592 4259 667 4312 infra
680 4277 707 4328 p.
719 4264 761 4312 33.

335 4351 362 4418 4)
381 4348 496 4402 Rectius
519 4348 609 4417 igitur
631 4347 764 4401 scribitur
782 4365 806 4400 v.
822 4353 868 4401 55:
897 4345 1017 4410 ἀθικτος
1035 4347 1090 4401 ναὶ
1118 4343 1271 4415 Κνθηρίην
1300 4342 1414 4415 σφραγίς

245 4438 297 4506 (sio
315 4436 470 4491 Buecheler
488 4435 642 4506 Zielinski).
