2996 5088
209 311 331 380 Mimo,
351 315 393 379 τι,
408 315 450 377 α,
469 309 515 363 VI.
690 350 736 359 .-
781 313 823 378 38
869 350 911 359 ..

209 490 314 555 larum
337 489 504 555 Menandri
534 489 679 574 reliquiis
703 489 922 573 exemplisque
949 488 1113 573 palliatae,
1136 492 1174 553 ut
1197 490 1232 553 in
1255 487 1391 553 Terenti

211 594 387 684 (Menand.)
407 594 529 659 Andria
546 595 657 660 Davus
677 618 786 661 servus
806 595 990 660 ‘sublimen’
1009 596 1134 679 rapitur
1152 598 1185 659 et
1204 594 1389 679 quadrupes

211 702 457 788 constringitur,
480 702 567 784 quod
593 701 789 786 supplicium
817 701 921 766 simile
944 723 1012 766 esse
1035 700 1163 766 videtur
1191 701 1231 765 ab
1255 700 1389 765 Herode

210 809 406 894 significat03
425 807 496 872 Ter.
514 798 614 872 Andr.
629 806 694 872 965
705 830 751 892 sq.
770 808 855 872 idem
873 807 988 872 misere
1005 808 1165 872 laceratus
1184 808 1218 871 in
1238 828 1388 871 scaenam

210 914 320 999 prodit
347 914 386 978 de
413 915 583 979 tormentis
611 914 676 979 illis
705 918 907 997 conquestus.
954 911 1076 977 Similis
1104 914 1219 978 comici
1249 914 1388 978 alicuius

211 1020 302 1086 loeus
325 1020 513 1085 observatus
537 1042 605 1085 esse
628 1020 756 1085 videtur
778 1019 934 1084 Herodae.

299 1168 328 1208 v.
348 1145 403 1209 77:
725 1142 796 1208 ἀλλ’
824 1143 956 1230 ἐπείπερ
981 1144 1042 1208 οὐκ
1066 1139 1158 1209 οἶδεν

344 1251 524 1334 ἅνθρωπος
547 1251 595 1315 ὢν
618 1247 744 1316 ἑαυτὸν
767 1274 796 1314 κ.
815 1272 842 1313 τ.
862 1255 890 1314 λ.

210 1390 725 1476 ef.Philem.fr.195,Hp.531K:
745 1393 925 1476 ἄνθρωπος
935 1389 983 1456 ὢν
992 1390 1081 1457 τοῦτ’
1096 1397 1170 1456 ἴσθι
1179 1389 1234 1456 καὶ
1244 1383 1384 1475 μέμνησ’

211 1497 271 1563 ἀεί.
317 1498 416 1562 servis
445 1519 573 1582 quoque
600 1498 686 1562 idem
713 1502 809 1581 poeta
838 1497 1072 1562 humanitatem
1102 1497 1246 1562 vindicat
1274 1497 1313 1561 fr.
1331 1496 1387 1580 22,

209 1602 242 1668 Π
265 1627 295 1687 p.
313 1603 381 1669 484
394 1603 438 1668 Κ;

414 1725 477 1791 κάν
500 1728 621 1803 δοῦλος
643 1719 665 1814 ᾖ
687 1751 748 1811 τις,
771 1728 873 1792 οὐδὲν
894 1723 1004 1810 ἧττον,
1029 1726 1182 1811 δέσποτα,
1256 1770 1258 1774 -

415 1834 594 1917 ἄνθρωπος
617 1828 714 1909 οὗτός
738 1832 839 1917 ἐστιν,
863 1832 905 1897 dv
929 1835 1108 1918 ἅνθρωπος
1130 1825 1192 1919 ᾗῙ)

209 1973 380 2038 Eiusmodi
398 1977 506 2038 autem
521 1974 696 2039 sententiae
711 1975 757 2041 eis
771 1975 909 2039 maxime
928 1976 1041 2059 poetis,
1065 1974 1121 2059 qui
1139 1973 1338 2039 Philemonis
1352 1977 1387 2040 et

210 2079 379 2145 Menandri
402 2082 506 2145 aetate
529 2085 629 2163 erant,
652 2080 686 2144 in
710 2080 833 2145 deliciis
856 2079 1028 2167 hemum)

299 2185 371 2250 Hoc
384 2187 491 2269 ipsum
507 2187 589 2250 iram
607 2188 720 2252 incitat
734 2187 893 2270 Bitinnae,
917 2188 1004 2270 quod
1021 2187 1256 2252 humanitatem
1276 2209 1385 2253 servus

211 2292 366 2357 delicatus
389 2292 541 2356 abiecerit
564 2296 596 2357 et
619 2290 826 2357 ἑπτάδουλον
849 2316 882 2358 se
905 2293 1096 2376 praebuerit.

298 2439 328 2480 τ.
343 2414 400 2480 85:
423 2415 509 2492 άξεις
531 2414 596 2481 τότ’
624 2415 735 2499 ἀμέλει
758 2417 819 2499 τὴν
842 2415 960 2501 ἑορτὴν
983 2414 1016 2494 ἐξ
1040 2416 1163 2501 ἑορτῆς.

300 2556 412 2623 Iocose
447 2579 560 2623 vocem
598 2557 715 2644 ἑορτὴν
750 2559 816 2623 iam
853 2559 968 2624 comici
1000 2558 1207 2642 adhibebant3
1248 2557 1385 2623 contulit

211 2662 357 2730 Grusius:
390 2666 531 2747 ἄγουσιν
559 2664 677 2749 ἑορτὴν
704 2666 737 2730 οἱ
764 2663 930 2751 κλέπταιῧ)
959 2668 992 2729 et
1019 2666 1154 2750 πορδῶν
1182 2663 1250 2750 (sic.
1273 2660 1382 2748 Mein.)

211 2768 329 2855 ἑορτὴν
352 2768 404 2856 (fr.
418 2771 524 2854 adcsp.
542 2770 615 2854 188,
628 2769 678 2835 HI
692 2794 723 2855 p.
737 2767 873 2856 444K.).
897 2771 935 2835 cf.
951 2771 1047 2835 etiam
1062 2770 1166 2835 Plaut.
1183 2768 1306 2853 Captiv.
1319 2769 1382 2834 468

211 2877 367 2942 ‘esurialis
390 2875 508 2940 ferias'.

619 3192 718 3257 urm.
737 3190 785 3255 vr
810 3190 870 3278 (ur
902 3190 974 3278 xi).

301 3333 392 3399 Sexti
415 3333 594 3398 mimiambi
617 3338 839 3418 argumentem
867 3333 997 3397 foedum
1024 3337 1121 3417 atque
1150 3333 1323 3397 obscenum
1344 3355 1384 3397 ne

211 3440 326 3506 comici
348 3440 479 3524 quidem
502 3439 661 3525 attingere
683 3441 884 3504 verebantur.
931 3440 970 3505 cf.
986 3438 1104 3504 Cratin.
1118 3440 1157 3503 fr.
1172 3437 1283 3527 3165:

411 3546 544 3648 μισηταὶ
568 3565 605 3629 δὲ
628 3576 783 3646 γυναῖκες
806 3564 971 3646 ὀλίσβοισι
994 3567 1182 3648 χρήσονται.

212 3794 268 3849 άπὸ
288 3789 428 3864 βελτίστου
442 3790 616 3859 Μενάνδρου
630 3790 702 3845 κατὰ
720 3791 771 3854 τὰς
784 3786 933 3863 κωμῳδίας
947 3788 1138 3859 εἰσαγομένοις
1151 3789 1280 3856 οἰκέταις,
1298 3788 1386 3852 Δάοις

210 3881 240 3938 τέ
264 3899 319 3936 τισι
342 3883 391 3936 καὶ
414 3880 526 3947 Γέταις,
551 3879 635 3934 οὐδὲν
658 3877 824 3948 ἡγουμένοις
847 3876 928 3948 σφίσι
949 3882 1116 3948 πεπρᾶχθαι
1138 3885 1283 3947 γενναῖον,
1307 3874 1384 3944 εἰμὴ

209 3973 270 4040 τρὶς
289 3969 491 4037 ἐξαπατήσειαν
509 3968 560 4022 τὸν
578 3966 724 4037 δεσπότην.
762 3967 874 4022 Grueius
894 3969 1117 4035 Uaters.p.109.

301 4063 327 4130 1)
347 4059 381 4114 cf.
391 4059 496 4112 Lorenz
506 4057 536 4110 in
546 4056 640 4110 Plauti
654 4057 735 4111 Most.
751 4076 778 4126 p.
790 4062 850 4110 199.
874 4056 984 4110 Patron.
998 4061 1039 4107 71.
1065 4053 1172 4109 Seneca
1187 4052 1268 4122 epist.
1284 4057 1327 4119 4⁷,
1343 4055 1382 4104 10.

301 4153 328 4218 2)
347 4149 382 4202 of.
397 4146 528 4202 Menand.
544 4146 663 4200 Monost.
678 4151 704 4214 4,
719 4150 744 4213 8,
760 4151 802 4213 16,
816 4145 863 4213 IV,
881 4163 909 4214 p.
925 4144 1019 4198 a4oM.

300 4239 328 4307 3)
345 4235 433 4291 Bekk.
448 4235 554 4289 Anecd.
569 4240 631 4301 331,
647 4240 692 4287 11:
711 4233 877 4304 χαριεστάτη
896 4232 913 4301 ἡ
933 4232 1062 4297 σύνταξις
1080 4231 1128 4286 καὶ
1147 4230 1251 4292 ἱκανῶς
1268 4244 1384 4283 τιετιαισ-

211 4324 280 4395 μένη
298 4325 371 4381 κατὰ
389 4324 440 4393 τὴν
458 4319 609 4396 κωμῳδίαν
628 4322 681 4377 κτέ.

302 4416 329 4483 4)
348 4413 461 4467 (husius
485 4413 709 4480 Uetere.p.130.
