<?xml version="1.0" encoding="UTF-8"?>
<!DOCTYPE html PUBLIC "-//W3C//DTD XHTML 1.0 Transitional//EN"
    "http://www.w3.org/TR/xhtml1/DTD/xhtml1-transitional.dtd">
<html xmlns="http://www.w3.org/1999/xhtml" xml:lang="en" lang="en">
 <head>
  <title>
</title>
<meta http-equiv="Content-Type" content="text/html;charset=utf-8" />
  <meta name='ocr-system' content='tesseract 3.04.00' />
  <meta name='ocr-capabilities' content='ocr_page ocr_carea ocr_par ocr_line ocrx_word'/>
</head>
<body>
  <div class='ocr_page' id='page_1' title='image "./herodasinmimiam01krakgoog_0016.png"; bbox 0 0 2996 5088; ppageno 0'>
   <div class='ocr_carea' id='block_1_1' title="bbox 54 352 1105 723">
    <p class='ocr_par' dir='ltr' id='par_1_1' title="bbox 54 352 1105 723">
     <span class='ocr_line' id='line_1_1' title="bbox 54 352 778 421; baseline -0.014 -14"><span class='ocrx_word' id='word_1_1' title='bbox 54 352 352 421; x_wconf 77' lang='lat' dir='ltr'>Mim.1‚21sq.‚2c.</span> <span class='ocrx_word' id='word_1_2' title='bbox 555 390 599 399; x_wconf 86' lang='grc'>.-</span> <span class='ocrx_word' id='word_1_3' title='bbox 647 353 685 415; x_wconf 85' lang='lat'>11</span> <span class='ocrx_word' id='word_1_4' title='bbox 733 390 778 398; x_wconf 78' lang='grc'>,-</span> 
     </span>
     <span class='ocr_line' id='line_1_2' title="bbox 165 527 1009 617; baseline -0.007 -20"><span class='ocrx_word' id='word_1_5' title='bbox 165 532 208 596; x_wconf 83' lang='lat' dir='ltr'>B:</span> <span class='ocrx_word' id='word_1_6' title='bbox 231 530 386 617; x_wconf 77' lang='grc' dir='ltr'>μηδέποτ’</span> <span class='ocrx_word' id='word_1_7' title='bbox 415 529 521 616; x_wconf 77' lang='grc' dir='ltr'><strong><em>ἐρώτα</em></strong></span> <span class='ocrx_word' id='word_1_8' title='bbox 543 528 646 612; x_wconf 85' lang='grc' dir='ltr'><strong><em>τοῦτ’,</em></strong></span> <span class='ocrx_word' id='word_1_9' title='bbox 670 527 755 594; x_wconf 75' lang='grc' dir='ltr'><strong><em>ἐπὰν</em></strong></span> <span class='ocrx_word' id='word_1_10' title='bbox 777 527 905 613; x_wconf 75' lang='grc' dir='ltr'><strong><em>γέροντ’</em></strong></span> <span class='ocrx_word' id='word_1_11' title='bbox 935 530 1009 614; x_wconf 73' lang='grc' dir='ltr'>ἴδῃς</span> 
     </span>
     <span class='ocr_line' id='line_1_3' title="bbox 229 632 1105 723; baseline -0.008 -18"><span class='ocrx_word' id='word_1_12' title='bbox 229 638 250 721; x_wconf 78' lang='grc' dir='ltr'><em>ἢ</em></span> <span class='ocrx_word' id='word_1_13' title='bbox 275 647 384 723; x_wconf 80' lang='grc' dir='ltr'><strong><em>γραῦν</em></strong></span> <span class='ocrx_word' id='word_1_14' title='bbox 406 636 481 702; x_wconf 86' lang='grc' dir='ltr'><strong><em>τιν’·</em></strong></span> <span class='ocrx_word' id='word_1_15' title='bbox 507 643 582 702; x_wconf 73' lang='grc' dir='ltr'>ἴσθι</span> <span class='ocrx_word' id='word_1_16' title='bbox 606 636 636 701; x_wconf 84' lang='lat' dir='ltr'>d&#39;</span> <span class='ocrx_word' id='word_1_17' title='bbox 664 637 771 712; x_wconf 71' lang='grc' dir='ltr'><strong><em>εὐθὺς</em></strong></span> <span class='ocrx_word' id='word_1_18' title='bbox 793 636 844 700; x_wconf 81' lang='grc' dir='ltr'>ὅτι</span> <span class='ocrx_word' id='word_1_19' title='bbox 867 646 975 711; x_wconf 80' lang='grc' dir='ltr'><strong><em>κακῶς</em></strong></span> <span class='ocrx_word' id='word_1_20' title='bbox 998 632 1105 719; x_wconf 59' lang='lat' dir='ltr'>excel)</span> 
     </span>
    </p>
   </div>
   <div class='ocr_carea' id='block_1_2' title="bbox 57 775 1249 951">
    <p class='ocr_par' dir='ltr' id='par_1_2' title="bbox 57 775 1249 951">
     <span class='ocr_line' id='line_1_4' title="bbox 158 775 1249 863; baseline -0.005 -19"><span class='ocrx_word' id='word_1_21' title='bbox 158 779 239 851; x_wconf 84' lang='lat' dir='ltr'>Her.</span> <span class='ocrx_word' id='word_1_22' title='bbox 251 781 338 844; x_wconf 88' lang='lat' dir='ltr'>mim.</span> <span class='ocrx_word' id='word_1_23' title='bbox 353 777 378 862; x_wconf 81' lang='grc' dir='ltr'>Ι,</span> <span class='ocrx_word' id='word_1_24' title='bbox 397 779 438 842; x_wconf 78' lang='grc'>21</span> <span class='ocrx_word' id='word_1_25' title='bbox 451 801 497 863; x_wconf 89' lang='lat' dir='ltr'>sq.</span> <span class='ocrx_word' id='word_1_26' title='bbox 529 780 603 843; x_wconf 83' lang='lat' dir='ltr'>lena</span> <span class='ocrx_word' id='word_1_27' title='bbox 635 778 751 862; x_wconf 75' lang='lat' dir='ltr'>incipit</span> <span class='ocrx_word' id='word_1_28' title='bbox 778 777 954 841; x_wconf 85' lang='lat' dir='ltr'>Metn&#39;chee</span> <span class='ocrx_word' id='word_1_29' title='bbox 987 776 1084 840; x_wconf 89' lang='lat' dir='ltr'>fidem</span> <span class='ocrx_word' id='word_1_30' title='bbox 1112 775 1249 840; x_wconf 80' lang='lat' dir='ltr'>labefec-</span> 
     </span>
     <span class='ocr_line' id='line_1_5' title="bbox 57 886 847 951; baseline -0.006 0"><span class='ocrx_word' id='word_1_31' title='bbox 57 892 136 951; x_wconf 80' lang='lat' dir='ltr'>tare</span> <span class='ocrx_word' id='word_1_32' title='bbox 161 886 214 951; x_wconf 88' lang='lat' dir='ltr'>his</span> <span class='ocrx_word' id='word_1_33' title='bbox 236 887 356 950; x_wconf 84' lang='lat' dir='ltr'>verbis:</span> <span class='ocrx_word' id='word_1_34' title='bbox 841 899 847 914; x_wconf 90' lang='lat'><strong>·</strong></span> 
     </span>
    </p>
   </div>
   <div class='ocr_carea' id='block_1_3' title="bbox 230 1024 1003 1220">
    <p class='ocr_par' dir='ltr' id='par_1_3' title="bbox 230 1024 1003 1220">
     <span class='ocr_line' id='line_1_6' title="bbox 232 1024 1003 1111; baseline -0.004 -20"><span class='ocrx_word' id='word_1_35' title='bbox 232 1026 303 1092; x_wconf 80' lang='grc' dir='ltr'><strong><em>ἀλλ’</em></strong></span> <span class='ocrx_word' id='word_1_36' title='bbox 332 1024 357 1092; x_wconf 81' lang='grc' dir='ltr'>ὦ</span> <span class='ocrx_word' id='word_1_37' title='bbox 381 1026 510 1111; x_wconf 84' lang='grc' dir='ltr'><strong><em>τέκνον,</em></strong></span> <span class='ocrx_word' id='word_1_38' title='bbox 533 1030 635 1092; x_wconf 81' lang='grc' dir='ltr'><strong><em>πόσον</em></strong></span> <span class='ocrx_word' id='word_1_39' title='bbox 657 1024 721 1091; x_wconf 83' lang='grc' dir='ltr'><strong><em>τιν’</em></strong></span> <span class='ocrx_word' id='word_1_40' title='bbox 747 1027 812 1108; x_wconf 74' lang='grc' dir='ltr'>ἤδη</span> <span class='ocrx_word' id='word_1_41' title='bbox 837 1028 1003 1110; x_wconf 80' lang='grc' dir='ltr'><strong><em>χηραίνεις</em></strong></span> 
     </span>
     <span class='ocr_line' id='line_1_7' title="bbox 230 1134 989 1220; baseline -0.005 -21"><span class='ocrx_word' id='word_1_42' title='bbox 230 1137 353 1220; x_wconf 77' lang='grc' dir='ltr'><strong><em>χρόνον</em></strong></span> <span class='ocrx_word' id='word_1_43' title='bbox 376 1136 459 1217; x_wconf 79' lang='grc' dir='ltr'><strong><em>μόνη</em></strong></span> <span class='ocrx_word' id='word_1_44' title='bbox 483 1135 652 1218; x_wconf 80' lang='grc' dir='ltr'><em>τρύχουσα</em></span> <span class='ocrx_word' id='word_1_45' title='bbox 674 1134 736 1217; x_wconf 80' lang='grc' dir='ltr'>τὴν</span> <span class='ocrx_word' id='word_1_46' title='bbox 758 1134 838 1212; x_wconf 81' lang='grc' dir='ltr'><strong><em>μίαν</em></strong></span> <span class='ocrx_word' id='word_1_47' title='bbox 862 1134 989 1215; x_wconf 59' lang='lat' dir='ltr'>cotteym</span> 
     </span>
    </p>
   </div>
   <div class='ocr_carea' id='block_1_4' title="bbox 61 1272 1050 1502">
    <p class='ocr_par' dir='ltr' id='par_1_4' title="bbox 61 1272 1050 1502">
     <span class='ocr_line' id='line_1_8' title="bbox 61 1272 797 1362; baseline -0.004 -22"><span class='ocrx_word' id='word_1_48' title='bbox 61 1275 232 1346; x_wconf 82' lang='lat' dir='ltr'>cf.Plaut.</span> <span class='ocrx_word' id='word_1_49' title='bbox 245 1274 365 1340; x_wconf 82' lang='lat' dir='ltr'>Oistess.</span> <span class='ocrx_word' id='word_1_50' title='bbox 380 1275 424 1339; x_wconf 89' lang='lat'>44</span> <span class='ocrx_word' id='word_1_51' title='bbox 448 1273 536 1362; x_wconf 84' lang='lat' dir='ltr'>(lena</span> <span class='ocrx_word' id='word_1_52' title='bbox 559 1276 597 1339; x_wconf 88' lang='lat' dir='ltr'>de</span> <span class='ocrx_word' id='word_1_53' title='bbox 620 1275 689 1338; x_wconf 84' lang='lat' dir='ltr'>filia</span> <span class='ocrx_word' id='word_1_54' title='bbox 712 1272 797 1361; x_wconf 84' lang='lat' dir='ltr'>sua):</span> 
     </span>
     <span class='ocr_line' id='line_1_9' title="bbox 252 1379 1050 1502; baseline -0.004 -21"><span class='ocrx_word' id='word_1_55' title='bbox 252 1379 439 1501; x_wconf 67' lang='lat' dir='ltr'>Numqudm</span> <span class='ocrx_word' id='word_1_56' title='bbox 463 1439 524 1502; x_wconf 81' lang='lat' dir='ltr'>ego</span> <span class='ocrx_word' id='word_1_57' title='bbox 546 1417 632 1481; x_wconf 81' lang='lat' dir='ltr'>hanc</span> <span class='ocrx_word' id='word_1_58' title='bbox 654 1417 783 1480; x_wconf 81' lang='lat' dir='ltr'>viduam</span> <span class='ocrx_word' id='word_1_59' title='bbox 808 1416 925 1480; x_wconf 76' lang='lat' dir='ltr'>cubare</span> <span class='ocrx_word' id='word_1_60' title='bbox 949 1413 1050 1500; x_wconf 59' lang='lat' dir='ltr'>sivffl)</span> 
     </span>
    </p>
   </div>
   <div class='ocr_carea' id='block_1_5' title="bbox 158 1557 446 1642">
    <p class='ocr_par' dir='ltr' id='par_1_5' title="bbox 158 1557 446 1642">
     <span class='ocr_line' id='line_1_10' title="bbox 158 1557 446 1642; baseline -0.003 -19"><span class='ocrx_word' id='word_1_61' title='bbox 158 1559 234 1623; x_wconf 90' lang='lat' dir='ltr'>Her.</span> <span class='ocrx_word' id='word_1_62' title='bbox 249 1560 337 1623; x_wconf 91' lang='lat' dir='ltr'>mim.</span> <span class='ocrx_word' id='word_1_63' title='bbox 351 1557 376 1642; x_wconf 83' lang='lat' dir='ltr'>I,</span> <span class='ocrx_word' id='word_1_64' title='bbox 390 1559 446 1622; x_wconf 77' lang='lat'>23:</span> 
     </span>
    </p>
   </div>
   <div class='ocr_carea' id='block_1_6' title="bbox 230 1694 1020 1890">
    <p class='ocr_par' dir='ltr' id='par_1_6' title="bbox 230 1694 1020 1890">
     <span class='ocr_line' id='line_1_11' title="bbox 230 1694 1009 1786; baseline -0.005 -20"><span class='ocrx_word' id='word_1_65' title='bbox 230 1699 263 1779; x_wconf 78' lang='grc' dir='ltr'>ἐξ</span> <span class='ocrx_word' id='word_1_66' title='bbox 288 1694 329 1765; x_wconf 81' lang='grc' dir='ltr'>οὗ</span> <span class='ocrx_word' id='word_1_67' title='bbox 353 1702 415 1786; x_wconf 77' lang='grc' dir='ltr'>γὰρ</span> <span class='ocrx_word' id='word_1_68' title='bbox 440 1702 488 1777; x_wconf 78' lang='grc' dir='ltr'>εἰς</span> <span class='ocrx_word' id='word_1_69' title='bbox 511 1705 686 1782; x_wconf 80' lang='grc' dir='ltr'><strong><em>Αἴγυπτον</em></strong></span> <span class='ocrx_word' id='word_1_70' title='bbox 709 1697 828 1782; x_wconf 77' lang='grc' dir='ltr'><strong><em>ἐστάλη</em></strong></span> <span class='ocrx_word' id='word_1_71' title='bbox 852 1699 1009 1783; x_wconf 78' lang='grc' dir='ltr'><em>Μάνὸρις</em></span> 
     </span>
     <span class='ocr_line' id='line_1_12' title="bbox 230 1804 1020 1890; baseline -0.005 -18"><span class='ocrx_word' id='word_1_72' title='bbox 230 1805 297 1872; x_wconf 80' lang='grc' dir='ltr'><strong><em>δέκ’</em></strong></span> <span class='ocrx_word' id='word_1_73' title='bbox 325 1805 390 1871; x_wconf 76' lang='grc' dir='ltr'>εἰσὶ</span> <span class='ocrx_word' id='word_1_74' title='bbox 412 1815 514 1890; x_wconf 76' lang='grc' dir='ltr'><strong><em>μῆνες</em></strong></span> <span class='ocrx_word' id='word_1_75' title='bbox 535 1806 637 1870; x_wconf 76' lang='grc' dir='ltr'>κούδὲ</span> <span class='ocrx_word' id='word_1_76' title='bbox 660 1806 793 1890; x_wconf 78' lang='grc' dir='ltr'><em>γράμμα</em></span> <span class='ocrx_word' id='word_1_77' title='bbox 816 1821 869 1869; x_wconf 83' lang='grc' dir='ltr'>σοι</span> <span class='ocrx_word' id='word_1_78' title='bbox 892 1804 1020 1888; x_wconf 82' lang='grc' dir='ltr'><strong><em>πέμπει.</em></strong></span> 
     </span>
    </p>
   </div>
   <div class='ocr_carea' id='block_1_7' title="bbox 64 1945 1185 2027">
    <p class='ocr_par' dir='ltr' id='par_1_7' title="bbox 64 1945 1185 2027">
     <span class='ocr_line' id='line_1_13' title="bbox 64 1945 1185 2027; baseline -0.002 -15"><span class='ocrx_word' id='word_1_79' title='bbox 64 1953 103 2013; x_wconf 89' lang='lat' dir='ltr'>ut</span> <span class='ocrx_word' id='word_1_80' title='bbox 127 1949 190 2013; x_wconf 82' lang='lat' dir='ltr'>viri</span> <span class='ocrx_word' id='word_1_81' title='bbox 214 1949 348 2013; x_wconf 84' lang='lat' dir='ltr'>duarum</span> <span class='ocrx_word' id='word_1_82' title='bbox 373 1949 501 2013; x_wconf 83' lang='lat' dir='ltr'>illarum</span> <span class='ocrx_word' id='word_1_83' title='bbox 526 1969 670 2012; x_wconf 76' lang='lat' dir='ltr'>sororum</span> <span class='ocrx_word' id='word_1_84' title='bbox 696 1948 729 2010; x_wconf 89' lang='lat' dir='ltr'>in</span> <span class='ocrx_word' id='word_1_85' title='bbox 753 1947 862 2011; x_wconf 76' lang='lat' dir='ltr'>Plauti</span> <span class='ocrx_word' id='word_1_86' title='bbox 886 1945 1007 2027; x_wconf 76' lang='lat' dir='ltr'>Sticho,</span> <span class='ocrx_word' id='word_1_87' title='bbox 1031 1947 1070 2010; x_wconf 85' lang='lat' dir='ltr'>cf.</span> <span class='ocrx_word' id='word_1_88' title='bbox 1085 1969 1113 2010; x_wconf 84' lang='lat' dir='ltr'>v.</span> <span class='ocrx_word' id='word_1_89' title='bbox 1128 1947 1185 2010; x_wconf 79' lang='lat'>29:</span> 
     </span>
    </p>
   </div>
   <div class='ocr_carea' id='block_1_8' title="bbox 327 2089 984 2259">
    <p class='ocr_par' dir='ltr' id='par_1_8' title="bbox 327 2089 984 2259">
     <span class='ocr_line' id='line_1_14' title="bbox 327 2089 984 2169; baseline -0.005 -15"><span class='ocrx_word' id='word_1_90' title='bbox 327 2089 411 2154; x_wconf 81' lang='lat' dir='ltr'>Nem</span> <span class='ocrx_word' id='word_1_91' title='bbox 436 2090 498 2153; x_wconf 82' lang='lat' dir='ltr'>viri</span> <span class='ocrx_word' id='word_1_92' title='bbox 521 2091 625 2154; x_wconf 87' lang='lat' dir='ltr'>nostri</span> <span class='ocrx_word' id='word_1_93' title='bbox 648 2089 744 2152; x_wconf 89' lang='lat' dir='ltr'>demo</span> <span class='ocrx_word' id='word_1_94' title='bbox 767 2092 805 2152; x_wconf 88' lang='lat' dir='ltr'>ut</span> <span class='ocrx_word' id='word_1_95' title='bbox 827 2089 984 2169; x_wconf 80' lang='lat' dir='ltr'>abierunt,</span> 
     </span>
     <span class='ocr_line' id='line_1_15' title="bbox 327 2196 722 2259; baseline -0.003 0"><span class='ocrx_word' id='word_1_96' title='bbox 327 2196 390 2259; x_wconf 91' lang='lat' dir='ltr'>Hic</span> <span class='ocrx_word' id='word_1_97' title='bbox 414 2196 529 2259; x_wconf 79' lang='lat' dir='ltr'>teitius</span> <span class='ocrx_word' id='word_1_98' title='bbox 553 2217 700 2259; x_wconf 79' lang='lat' dir='ltr'>annus..</span> <span class='ocrx_word' id='word_1_99' title='bbox 716 2245 722 2258; x_wconf 94' lang='lat'><strong>.</strong></span> 
     </span>
    </p>
   </div>
   <div class='ocr_carea' id='block_1_9' title="bbox 69 2371 1032 2814">
    <p class='ocr_par' dir='ltr' id='par_1_9' title="bbox 69 2371 1032 2814">
     <span class='ocr_line' id='line_1_16' title="bbox 158 2371 966 2455; baseline -0.004 -18"><span class='ocrx_word' id='word_1_100' title='bbox 158 2373 214 2437; x_wconf 84' lang='lat'>31:</span> <span class='ocrx_word' id='word_1_101' title='bbox 328 2371 433 2448; x_wconf 82' lang='lat' dir='ltr'>Quom</span> <span class='ocrx_word' id='word_1_102' title='bbox 456 2373 519 2455; x_wconf 91' lang='lat' dir='ltr'>ipsi</span> <span class='ocrx_word' id='word_1_103' title='bbox 542 2372 664 2436; x_wconf 79' lang='lat' dir='ltr'>interea</span> <span class='ocrx_word' id='word_1_104' title='bbox 686 2371 806 2454; x_wconf 83' lang='lat' dir='ltr'>vivant,</span> <span class='ocrx_word' id='word_1_105' title='bbox 829 2372 966 2452; x_wconf 77' lang='lat' dir='ltr'>valeant,</span> 
     </span>
     <span class='ocr_line' id='line_1_17' title="bbox 328 2477 992 2564; baseline -0.002 -21"><span class='ocrx_word' id='word_1_106' title='bbox 328 2477 394 2543; x_wconf 88' lang='lat' dir='ltr'>Ubi</span> <span class='ocrx_word' id='word_1_107' title='bbox 418 2480 492 2563; x_wconf 79' lang='lat' dir='ltr'>sint,</span> <span class='ocrx_word' id='word_1_108' title='bbox 515 2479 594 2561; x_wconf 88' lang='lat' dir='ltr'>quid</span> <span class='ocrx_word' id='word_1_109' title='bbox 617 2482 724 2564; x_wconf 82' lang='lat' dir='ltr'>agent,</span> <span class='ocrx_word' id='word_1_110' title='bbox 747 2477 862 2562; x_wconf 80' lang='lat' dir='ltr'>ecquid</span> <span class='ocrx_word' id='word_1_111' title='bbox 885 2482 992 2562; x_wconf 80' lang='lat' dir='ltr'>agent,</span> 
     </span>
     <span class='ocr_line' id='line_1_18' title="bbox 326 2583 1032 2668; baseline -0.003 -19"><span class='ocrx_word' id='word_1_112' title='bbox 326 2583 441 2667; x_wconf 82' lang='lat' dir='ltr'>Neque</span> <span class='ocrx_word' id='word_1_113' title='bbox 465 2584 660 2668; x_wconf 76' lang='lat' dir='ltr'>participent</span> <span class='ocrx_word' id='word_1_114' title='bbox 678 2604 737 2648; x_wconf 87' lang='lat' dir='ltr'>nos</span> <span class='ocrx_word' id='word_1_115' title='bbox 761 2606 865 2666; x_wconf 89' lang='lat' dir='ltr'>neque</span> <span class='ocrx_word' id='word_1_116' title='bbox 888 2584 1032 2648; x_wconf 86' lang='lat' dir='ltr'>redeunt.</span> 
     </span>
     <span class='ocr_line' id='line_1_19' title="bbox 69 2702 484 2814; baseline -0.01 -22"><span class='ocrx_word' id='word_1_117' title='bbox 69 2702 79 2721; x_wconf 39' lang='grc' dir='ltr'><strong><em>ο</em></strong></span> <span class='ocrx_word' id='word_1_118' title='bbox 158 2727 269 2814; x_wconf 82' lang='lat' dir='ltr'>Pergit</span> <span class='ocrx_word' id='word_1_119' title='bbox 287 2728 361 2790; x_wconf 83' lang='lat' dir='ltr'>lena</span> <span class='ocrx_word' id='word_1_120' title='bbox 379 2748 408 2790; x_wconf 84' lang='lat' dir='ltr'>v.</span> <span class='ocrx_word' id='word_1_121' title='bbox 427 2725 484 2788; x_wconf 76' lang='lat'>25:</span> 
     </span>
    </p>
   </div>
   <div class='ocr_carea' id='block_1_10' title="bbox 283 2846 1031 2933">
    <p class='ocr_par' dir='ltr' id='par_1_10' title="bbox 283 2846 1031 2933">
     <span class='ocr_line' id='line_1_20' title="bbox 283 2846 1031 2933; baseline -0.001 -19"><span class='ocrx_word' id='word_1_122' title='bbox 283 2848 354 2915; x_wconf 80' lang='grc' dir='ltr'>ἀλλ’</span> <span class='ocrx_word' id='word_1_123' title='bbox 382 2848 574 2933; x_wconf 78' lang='grc' dir='ltr'><strong><em>ἐκλέλησται</em></strong></span> <span class='ocrx_word' id='word_1_124' title='bbox 596 2850 652 2914; x_wconf 76' lang='grc' dir='ltr'>καὶ</span> <span class='ocrx_word' id='word_1_125' title='bbox 674 2847 825 2915; x_wconf 79' lang='grc' dir='ltr'><strong><em>πέπωκεν</em></strong></span> <span class='ocrx_word' id='word_1_126' title='bbox 848 2846 885 2913; x_wconf 77' lang='grc' dir='ltr'>ἐκ</span> <span class='ocrx_word' id='word_1_127' title='bbox 907 2858 1031 2932; x_wconf 79' lang='grc' dir='ltr'><strong><em>καινῆς.</em></strong></span> 
     </span>
    </p>
   </div>
   <div class='ocr_carea' id='block_1_11' title="bbox 73 2991 1053 3308">
    <p class='ocr_par' dir='ltr' id='par_1_11' title="bbox 73 2991 1053 3308">
     <span class='ocr_line' id='line_1_21' title="bbox 73 2991 960 3080; baseline -0.007 -20"><span class='ocrx_word' id='word_1_128' title='bbox 73 3017 152 3079; x_wconf 82' lang='lat' dir='ltr'>quae</span> <span class='ocrx_word' id='word_1_129' title='bbox 174 2996 281 3080; x_wconf 79' lang='lat' dir='ltr'>image</span> <span class='ocrx_word' id='word_1_130' title='bbox 306 2992 437 3057; x_wconf 88' lang='lat' dir='ltr'>comicis</span> <span class='ocrx_word' id='word_1_131' title='bbox 460 2992 589 3074; x_wconf 78' lang='lat' dir='ltr'>usitate,</span> <span class='ocrx_word' id='word_1_132' title='bbox 612 2992 651 3056; x_wconf 84' lang='lat' dir='ltr'>cf.</span> <span class='ocrx_word' id='word_1_133' title='bbox 675 2991 780 3056; x_wconf 85' lang='lat' dir='ltr'>Pleut.</span> <span class='ocrx_word' id='word_1_134' title='bbox 795 2991 888 3055; x_wconf 78' lang='lat' dir='ltr'>Truc.</span> <span class='ocrx_word' id='word_1_135' title='bbox 903 2991 960 3055; x_wconf 87' lang='lat'>43:</span> 
     </span>
     <span class='ocr_line' id='line_1_22' title="bbox 283 3114 1014 3199; baseline -0.003 -19"><span class='ocrx_word' id='word_1_136' title='bbox 283 3115 318 3180; x_wconf 79' lang='lat' dir='ltr'>si</span> <span class='ocrx_word' id='word_1_137' title='bbox 342 3114 442 3180; x_wconf 88' lang='lat' dir='ltr'>semel</span> <span class='ocrx_word' id='word_1_138' title='bbox 465 3115 585 3180; x_wconf 77' lang='lat' dir='ltr'>amoris</span> <span class='ocrx_word' id='word_1_139' title='bbox 608 3114 762 3199; x_wconf 86' lang='lat' dir='ltr'>poculum</span> <span class='ocrx_word' id='word_1_140' title='bbox 786 3116 910 3198; x_wconf 75' lang='lat' dir='ltr'>accepit</span> <span class='ocrx_word' id='word_1_141' title='bbox 933 3116 1014 3179; x_wconf 87' lang='lat' dir='ltr'>meri</span> 
     </span>
     <span class='ocr_line' id='line_1_23' title="bbox 281 3220 1053 3308; baseline 0.001 -23"><span class='ocrx_word' id='word_1_142' title='bbox 281 3222 395 3304; x_wconf 81' lang='lat' dir='ltr'>anue</span> <span class='ocrx_word' id='word_1_143' title='bbox 418 3221 503 3285; x_wconf 80' lang='lat' dir='ltr'>intra</span> <span class='ocrx_word' id='word_1_144' title='bbox 524 3226 637 3306; x_wconf 89' lang='lat' dir='ltr'>pectus</span> <span class='ocrx_word' id='word_1_145' title='bbox 661 3244 695 3287; x_wconf 87' lang='lat' dir='ltr'>se</span> <span class='ocrx_word' id='word_1_146' title='bbox 718 3222 899 3305; x_wconf 77' lang='lat' dir='ltr'>penetravit</span> <span class='ocrx_word' id='word_1_147' title='bbox 920 3220 1053 3308; x_wconf 77' lang='lat' dir='ltr'>potio.³)</span> 
     </span>
    </p>
   </div>
   <div class='ocr_carea' id='block_1_12' title="bbox 76 3365 1182 3570">
    <p class='ocr_par' dir='ltr' id='par_1_12' title="bbox 76 3365 1182 3570">
     <span class='ocr_line' id='line_1_24' title="bbox 76 3365 312 3431; baseline -0.017 0"><span class='ocrx_word' id='word_1_148' title='bbox 76 3371 107 3431; x_wconf 88' lang='lat' dir='ltr'>et</span> <span class='ocrx_word' id='word_1_149' title='bbox 128 3365 241 3430; x_wconf 81' lang='lat' dir='ltr'>Bacch.</span> <span class='ocrx_word' id='word_1_150' title='bbox 255 3365 312 3428; x_wconf 85' lang='lat'>48:</span> 
     </span>
     <span class='ocr_line' id='line_1_25' title="bbox 158 3487 1182 3570; baseline 0.002 -19"><span class='ocrx_word' id='word_1_151' title='bbox 158 3487 280 3552; x_wconf 80' lang='lat' dir='ltr'>Eadem</span> <span class='ocrx_word' id='word_1_152' title='bbox 304 3487 434 3570; x_wconf 83' lang='lat' dir='ltr'>biberis,</span> <span class='ocrx_word' id='word_1_153' title='bbox 458 3488 567 3551; x_wconf 82' lang='lat' dir='ltr'>eedem</span> <span class='ocrx_word' id='word_1_154' title='bbox 592 3487 708 3551; x_wconf 82' lang='lat' dir='ltr'>dedero</span> <span class='ocrx_word' id='word_1_155' title='bbox 731 3487 803 3569; x_wconf 86' lang='lat' dir='ltr'>tibi,</span> <span class='ocrx_word' id='word_1_156' title='bbox 826 3487 883 3550; x_wconf 87' lang='lat' dir='ltr'>ubi</span> <span class='ocrx_word' id='word_1_157' title='bbox 906 3488 1025 3552; x_wconf 89' lang='lat' dir='ltr'>biberis</span> <span class='ocrx_word' id='word_1_158' title='bbox 1050 3489 1182 3554; x_wconf 79' lang='lat' dir='ltr'>savium.</span> 
     </span>
    </p>
   </div>
   <div class='ocr_carea' id='block_1_13' title="bbox 160 3706 1244 3820">
    <p class='ocr_par' dir='ltr' id='par_1_13' title="bbox 160 3706 1244 3820">
     <span class='ocr_line' id='line_1_26' title="bbox 160 3706 1244 3820; baseline 0 -16"><span class='ocrx_word' id='word_1_159' title='bbox 160 3753 185 3819; x_wconf 93' lang='lat'>1)</span> <span class='ocrx_word' id='word_1_160' title='bbox 204 3709 398 3816; x_wconf 73' lang='lat' dir='ltr'>cf..Plcutum‚</span> <span class='ocrx_word' id='word_1_161' title='bbox 417 3706 605 3817; x_wconf 33' lang='lat' dir='ltr'>qui‘tortssse</span> <span class='ocrx_word' id='word_1_162' title='bbox 624 3750 694 3804; x_wconf 79' lang='lat' dir='ltr'>haec</span> <span class='ocrx_word' id='word_1_163' title='bbox 712 3750 851 3818; x_wconf 76' lang='lat' dir='ltr'>imitetur,</span> <span class='ocrx_word' id='word_1_164' title='bbox 870 3749 954 3804; x_wconf 86' lang='lat' dir='ltr'>Merc.</span> <span class='ocrx_word' id='word_1_165' title='bbox 974 3749 1096 3820; x_wconf 83' lang='lat' dir='ltr'>(Empor.</span> <span class='ocrx_word' id='word_1_166' title='bbox 1115 3750 1244 3820; x_wconf 78' lang='lat' dir='ltr'>Philem.)</span> 
     </span>
    </p>
   </div>
   <div class='ocr_carea' id='block_1_14' title="bbox 78 3855 1042 4230">
    <p class='ocr_par' dir='ltr' id='par_1_14' title="bbox 78 3855 1042 4230">
     <span class='ocr_line' id='line_1_27' title="bbox 79 3855 1031 3924; baseline 0.001 -15"><span class='ocrx_word' id='word_1_167' title='bbox 79 3862 139 3913; x_wconf 71' lang='lat'>6721</span> <span class='ocrx_word' id='word_1_168' title='bbox 453 3855 533 3924; x_wconf 78' lang='lat' dir='ltr'><strong>Syra:</strong></span> <span class='ocrx_word' id='word_1_169' title='bbox 552 3859 664 3911; x_wconf 83' lang='lat' dir='ltr'>tentum</span> <span class='ocrx_word' id='word_1_170' title='bbox 681 3857 735 3910; x_wconf 90' lang='lat' dir='ltr'>hoc</span> <span class='ocrx_word' id='word_1_171' title='bbox 754 3857 860 3910; x_wconf 80' lang='lat' dir='ltr'>onerist</span> <span class='ocrx_word' id='word_1_172' title='bbox 878 3856 954 3924; x_wconf 88' lang='lat' dir='ltr'>qued</span> <span class='ocrx_word' id='word_1_173' title='bbox 971 3855 1031 3910; x_wconf 81' lang='lat' dir='ltr'>fero</span> 
     </span>
     <span class='ocr_line' id='line_1_28' title="bbox 78 3961 1042 4032; baseline 0.001 -17"><span class='ocrx_word' id='word_1_174' title='bbox 78 3962 209 4032; x_wconf 74' lang='lat' dir='ltr'>Dorippa:</span> <span class='ocrx_word' id='word_1_175' title='bbox 230 3962 303 4027; x_wconf 82' lang='lat' dir='ltr'>Quid</span> <span class='ocrx_word' id='word_1_176' title='bbox 323 3962 433 4016; x_wconf 83' lang='lat' dir='ltr'>oneris?</span> <span class='ocrx_word' id='word_1_177' title='bbox 471 3961 554 4030; x_wconf 84' lang='lat' dir='ltr'>Syra:</span> <span class='ocrx_word' id='word_1_178' title='bbox 573 3963 669 4016; x_wconf 83' lang='lat' dir='ltr'>Annos</span> <span class='ocrx_word' id='word_1_179' title='bbox 689 3963 834 4031; x_wconf 80' lang='lat' dir='ltr'>octoginta</span> <span class='ocrx_word' id='word_1_180' title='bbox 853 3963 882 4016; x_wconf 89' lang='lat' dir='ltr'>et</span> <span class='ocrx_word' id='word_1_181' title='bbox 901 3964 1042 4030; x_wconf 75' lang='lat' dir='ltr'>quattuor.</span> 
     </span>
     <span class='ocr_line' id='line_1_29' title="bbox 159 4067 537 4138; baseline 0.011 -17"><span class='ocrx_word' id='word_1_182' title='bbox 159 4072 185 4138; x_wconf 77' lang='lat'>2)</span> <span class='ocrx_word' id='word_1_183' title='bbox 204 4067 240 4126; x_wconf 83' lang='lat' dir='ltr'>cf.</span> <span class='ocrx_word' id='word_1_184' title='bbox 254 4068 379 4137; x_wconf 85' lang='lat' dir='ltr'>Propert.</span> <span class='ocrx_word' id='word_1_185' title='bbox 395 4068 433 4121; x_wconf 88' lang='lat'>111</span> <span class='ocrx_word' id='word_1_186' title='bbox 448 4073 473 4135; x_wconf 78' lang='grc'>6,</span> <span class='ocrx_word' id='word_1_187' title='bbox 488 4074 537 4125; x_wconf 74' lang='lat'>232</span> 
     </span>
     <span class='ocr_line' id='line_1_30' title="bbox 318 4174 971 4230; baseline 0.003 -2"><span class='ocrx_word' id='word_1_188' title='bbox 318 4174 430 4229; x_wconf 78' lang='lat' dir='ltr'>Gaudet</span> <span class='ocrx_word' id='word_1_189' title='bbox 447 4192 492 4229; x_wconf 89' lang='lat' dir='ltr'>me</span> <span class='ocrx_word' id='word_1_190' title='bbox 510 4192 599 4229; x_wconf 79' lang='lat' dir='ltr'>vacuo</span> <span class='ocrx_word' id='word_1_191' title='bbox 618 4175 708 4229; x_wconf 79' lang='lat' dir='ltr'>solem</span> <span class='ocrx_word' id='word_1_192' title='bbox 726 4176 871 4230; x_wconf 72' lang='lat' dir='ltr'>tabescere</span> <span class='ocrx_word' id='word_1_193' title='bbox 889 4176 971 4230; x_wconf 85' lang='lat' dir='ltr'>lecto.</span> 
     </span>
    </p>
   </div>
   <div class='ocr_carea' id='block_1_15' title="bbox 80 4281 997 4351">
    <p class='ocr_par' dir='ltr' id='par_1_15' title="bbox 80 4281 997 4351">
     <span class='ocr_line' id='line_1_31' title="bbox 80 4281 997 4351; baseline 0.002 -17"><span class='ocrx_word' id='word_1_194' title='bbox 80 4281 116 4335; x_wconf 86' lang='lat' dir='ltr'>De</span> <span class='ocrx_word' id='word_1_195' title='bbox 132 4281 316 4351; x_wconf 75' lang='lat' dir='ltr'>elegiacorum</span> <span class='ocrx_word' id='word_1_196' title='bbox 335 4298 399 4335; x_wconf 89' lang='lat' dir='ltr'>cum</span> <span class='ocrx_word' id='word_1_197' title='bbox 418 4283 532 4336; x_wconf 86' lang='lat' dir='ltr'>comicis</span> <span class='ocrx_word' id='word_1_198' title='bbox 551 4283 722 4338; x_wconf 71' lang='lat' dir='ltr'>necessitate</span> <span class='ocrx_word' id='word_1_199' title='bbox 740 4282 804 4336; x_wconf 87' lang='lat' dir='ltr'>vide</span> <span class='ocrx_word' id='word_1_200' title='bbox 823 4282 898 4336; x_wconf 77' lang='lat' dir='ltr'>infre</span> <span class='ocrx_word' id='word_1_201' title='bbox 916 4301 943 4351; x_wconf 90' lang='lat' dir='ltr'>p.</span> <span class='ocrx_word' id='word_1_202' title='bbox 956 4289 997 4336; x_wconf 78' lang='lat'>12.</span> 
     </span>
    </p>
   </div>
   <div class='ocr_carea' id='block_1_16' title="bbox 82 4369 1244 4529">
    <p class='ocr_par' dir='ltr' id='par_1_16' title="bbox 82 4369 1244 4529">
     <span class='ocr_line' id='line_1_32' title="bbox 160 4369 1244 4459; baseline 0.005 -37"><span class='ocrx_word' id='word_1_203' title='bbox 160 4373 185 4439; x_wconf 82' lang='lat'>3)</span> <span class='ocrx_word' id='word_1_204' title='bbox 205 4370 240 4424; x_wconf 85' lang='lat' dir='ltr'>cf.</span> <span class='ocrx_word' id='word_1_205' title='bbox 250 4369 379 4459; x_wconf 35' lang='lat' dir='ltr'>&#39;Theogn</span> <span class='ocrx_word' id='word_1_206' title='bbox 395 4375 446 4424; x_wconf 78' lang='lat'>959</span> <span class='ocrx_word' id='word_1_207' title='bbox 458 4388 508 4439; x_wconf 85' lang='lat' dir='ltr'>sq.‚</span> <span class='ocrx_word' id='word_1_208' title='bbox 527 4371 610 4439; x_wconf 81' lang='lat' dir='ltr'>Verg.</span> <span class='ocrx_word' id='word_1_209' title='bbox 621 4373 690 4426; x_wconf 87' lang='lat' dir='ltr'>Aen.</span> <span class='ocrx_word' id='word_1_210' title='bbox 700 4370 722 4439; x_wconf 83' lang='grc' dir='ltr'>Ι,</span> <span class='ocrx_word' id='word_1_211' title='bbox 734 4376 785 4425; x_wconf 80' lang='grc'>749</span> <span class='ocrx_word' id='word_1_212' title='bbox 794 4371 966 4441; x_wconf 80' lang='lat' dir='ltr'>longumque</span> <span class='ocrx_word' id='word_1_213' title='bbox 980 4370 1098 4425; x_wconf 75' lang='lat' dir='ltr'>bibebat</span> <span class='ocrx_word' id='word_1_214' title='bbox 1113 4387 1244 4428; x_wconf 77' lang='lat' dir='ltr'>emerem.</span> 
     </span>
     <span class='ocr_line' id='line_1_33' title="bbox 82 4456 1182 4529; baseline 0.003 -18"><span class='ocrx_word' id='word_1_215' title='bbox 82 4456 182 4513; x_wconf 73' lang='lat' dir='ltr'>drusius</span> <span class='ocrx_word' id='word_1_216' title='bbox 197 4459 301 4514; x_wconf 72' lang='lat' dir='ltr'>Uetere.</span> <span class='ocrx_word' id='word_1_217' title='bbox 316 4478 344 4529; x_wconf 87' lang='lat' dir='ltr'>p.</span> <span class='ocrx_word' id='word_1_218' title='bbox 361 4465 384 4514; x_wconf 76' lang='grc'>7.</span> <span class='ocrx_word' id='word_1_219' title='bbox 421 4458 538 4512; x_wconf 83' lang='lat' dir='ltr'>Meister</span> <span class='ocrx_word' id='word_1_220' title='bbox 555 4460 610 4513; x_wconf 88' lang='lat' dir='ltr'>Die</span> <span class='ocrx_word' id='word_1_221' title='bbox 630 4460 813 4514; x_wconf 80' lang='lat' dir='ltr'>Mimiamben</span> <span class='ocrx_word' id='word_1_222' title='bbox 830 4461 877 4514; x_wconf 73' lang='lat' dir='ltr'>dee</span> <span class='ocrx_word' id='word_1_223' title='bbox 894 4460 1024 4514; x_wconf 63' lang='lat' dir='ltr'>Heroden</span> <span class='ocrx_word' id='word_1_224' title='bbox 1040 4477 1074 4529; x_wconf 88' lang='lat' dir='ltr'>p..</span> <span class='ocrx_word' id='word_1_225' title='bbox 1084 4465 1182 4527; x_wconf 71' lang='lat' dir='ltr'>tttsq.</span> 
     </span>
    </p>
   </div>
   <div class='ocr_carea' id='block_1_17' title="bbox 0 0 1534 5088">
    <p class='ocr_par' dir='ltr' id='par_1_17' title="bbox 0 0 1534 5088">
     <span class='ocr_line' id='line_1_34' title="bbox 0 0 1534 5088; baseline 0 0"><span class='ocrx_word' id='word_1_226' title='bbox 0 0 1534 5088; x_wconf 95' lang='lat' dir='ltr'> </span> 
     </span>
    </p>
   </div>
  </div>
 </body>
</html>
