2996 5088
88 519 128 581 in
159 517 391 582 Ecclesiazusis
419 518 656 582 adulescentem
686 515 860 598 quendam,
893 515 950 597 qui
981 515 1095 579 relicto
1126 513 1275 579 convivio

88 626 305 689 comissatum
329 625 355 686 it
378 623 419 687 ad
441 618 626 706 puellam.¹)
671 619 744 685 Hoc
768 621 868 705 igitur
895 624 1122 706 argumentum
1147 617 1276 683 Graecis

88 731 234 813 indeque
275 726 461 815 Romanis²)
503 728 710 792 tritissimum
751 727 860 791 nescio
902 749 944 790 an
988 726 1163 813 mimorum
1208 730 1276 789 arte

88 839 236 920 primum
260 839 534 920 repraesentatum
558 834 609 898 sit.

31 934 32 937 ¹
187 942 251 1007 Sed
273 943 352 1007 alias
376 963 504 1025 quoque
527 941 702 1005 mimorum
724 962 877 1024 personas
903 962 943 1003 ex
965 938 1134 1029 Athenaeo
1159 960 1277 1025 cogno-

90 1051 224 1114 scimus.
270 1048 412 1113 Boeotus
436 1047 522 1112 enim
551 1045 770 1130 Syracusanus
794 1046 911 1110 eximia
939 1049 1007 1110 arte
1034 1046 1180 1109 imitatus
1208 1067 1277 1138 esse

91 1156 216 1220 dicitur
239 1155 446 1236 πισσύγγους
469 1152 489 1236 d
514 1163 628 1238 φῶρας
652 1151 808 1228 ἀναιδέας
830 1153 851 1235 A
874 1176 949 1216 τινα
972 1152 1119 1236 χλούνην
1144 1150 1277 1239 (Athen.

90 1258 335 1345 11116991113)

186 1367 230 1431 Et
253 1366 372 1431 sutoris
391 1366 522 1448 quidem
541 1367 664 1448 primae
688 1370 764 1430 sunt
786 1370 895 1449 partes
919 1364 952 1428 in
971 1364 1109 1448 septimo
1129 1364 1278 1428 Herodae

91 1472 298 1556 mimiambo,
329 1473 455 1537 lenonis
484 1470 537 1559 (cf.
556 1469 716 1556 χλούνην)
746 1474 780 1535 111
802 1473 918 1554 alter0,
946 1476 979 1535 et
1009 1471 1147 1536 fortasse
1179 1471 1277 1536 etiam

92 1580 183 1643 fures
206 1580 256 1644 illi
279 1578 560 1663 impudentissimi,
583 1600 665 1661 quos
684 1584 781 1662 poeta
799 1583 958 1642 memorat
971 1578 1059 1641 mim.
1069 1576 1127 1661 IV,
1137 1577 1190 1661 63,
1213 1579 1278 1642 huc

93 1691 172 1751 sunt
195 1686 361 1750 referendi.
408 1685 487 1750 Veri
510 1689 617 1750 autem
641 1685 746 1749 simile
769 1689 880 1769 putem
904 1688 942 1748 ut
969 1690 1159 1770 argumenta
1183 1707 1278 1768 quae-

94 1793 170 1856 dam
203 1794 256 1857 vel
289 1793 436 1879 singulos
467 1793 571 1875 locos,
608 1792 664 1875 qui
696 1793 835 1856 maxime
870 1793 1003 1876 plausus
1040 1792 1195 1873 tulerant,
1231 1792 1278 1856 ita

93 1900 229 1963 nomina
246 1920 455 1982 personarum
474 1922 492 1963 e
510 1899 683 1967 mimorum
703 1900 895 1982 spectaculis
913 1899 1110 1963 famosarum
1128 1898 1224 1962 facile
1244 1898 1277 1961 in

95 2007 252 2069 memoria
274 2005 425 2089 haesisse,
447 2007 493 2070 ita
511 2010 549 2069 ut
567 2006 683 2070 comici
701 2026 829 2089 quoque
853 2010 968 2089 poetae
991 2006 1069 2069 talia
1092 2006 1127 2069 in
1148 2004 1277 2068 fabulas

95 2114 236 2177 inserere
254 2134 321 2176 non
340 2111 532 2176 dubitarent.
570 2110 688 2176 Nescio
708 2111 809 2197 igitur
827 2133 869 2175 an
887 2112 974 2177 furta
998 2132 1126 2194 quoque
1146 2112 1277 2194 comica,

97 2240 180 2302 quae
208 2223 285 2282 sunt
312 2218 398 2301 apud
420 2216 686 2302 Aristophanem,
717 2240 733 2282 e
757 2218 865 2282 mimis
889 2219 923 2282 in
946 2217 1145 2282 comoediam
1168 2239 1278 2300 perve-

96 2325 211 2389 nerint.
257 2323 343 2389 Nam
375 2325 503 2390 cuinam
537 2335 651 2411 φῶρας
675 2324 830 2401 ἀναιδέας
858 2325 892 2389 in
915 2324 1053 2388 mimicis
1077 2324 1277 2408 argumentis

98 2431 196 2494 fuisse
228 2429 381 2517 legenti4)
409 2454 476 2496 non
502 2433 538 2496 in
564 2437 706 2497 mentem
734 2433 822 2496 venit
850 2431 1066 2515 allantopclae
1089 2431 1169 2495 haec
1192 2430 1278 2513 apud

98 2537 348 2621 Aristophanem
372 2539 540 2624 gloriantis
565 2561 635 2623 equ.
650 2539 729 2603 418:

188 2660 358 2745 ἐξηπάτων
381 2663 444 2762 γὰρ
468 2665 546 2738 τοὺς
569 2665 748 2746 μαγείρους
771 2660 933 2746 ἐπιλέγων
956 2664 1098 2728 τοιαυτί·

187 2766 368 2852 σκέψασθε,
391 2770 520 2844 παῖδες·
545 2768 606 2851 οὐχ
630 2767 742 2853 douai,
766 2770 836 2854 ὥρα
858 2768 928 2852 νέα,
952 2771 1101 2854 χελιδών.

188 2876 220 2937 ολ
244 2872 274 2939 d'
294 2877 445 2957 ἔβλεπον,
468 2872 603 2956 αάγὼ’ν
626 2876 774 2962 τοσούτῳ
798 2887 866 2940 τῶν
888 2888 996 2962 κρεῶν
1020 2880 1189 2942 ἔκλεπτον.

100 3020 131 3078 et
154 3015 268 3079 deinde

156 3137 210 3202 καὶ
233 3148 337 3204 ταῦτα
360 3142 452 3225 ἀρῶν
475 3137 665 3205 ἐλάνθανόν
688 3138 734 3223 γ’·
758 3143 787 3205 ε1
811 3140 841 3205 d'
860 3139 922 3208 οὖν
947 3144 1014 3207 111οι
1037 3167 1087 3219 τις
1110 3145 1231 3230 αὐτῶν,

157 3244 449 3328 ἀποκρυπτόμενος
472 3248 519 3322 εἰς
541 3246 586 3310 τὼ
609 3248 739 3331 κοχώνα
762 3250 841 3323 τοὺς
863 3251 966 3325 θεοὺς
989 3248 1160 3334 ἀπώμνυν.

188 3439 214 3505 1)
234 3435 390 3492 silicolus.
407 3443 471 3491 947:

364 3521 430 3592 εἴθ’,
449 3521 471 3578 ὦ
489 3523 564 3592 θεολ,
582 3526 695 3597 λάβοιμι
713 3527 765 3595 τὴν
783 3528 872 3597 καλὴν
891 3529 989 3600 μόνην,

365 3610 408 3682 ἐφ’
429 3611 465 3682 ἣν
484 3616 620 3677 πεπωκὼς
639 3605 754 3685 ἔρχομαι
771 3617 860 3671 πύλαι
877 3623 987 3674 ποθῶν.

185 3722 212 3787 2)
230 3719 308 3773 Idem
327 3724 523 3789 argumentum
538 3721 633 3790 explet
646 3722 775 3792 Properti
793 3724 915 3794 elegiam
932 3725 954 3792 I,
969 3732 985 3781 3
1000 3727 1149 3798 integram,
1169 3729 1199 3782 in
1217 3746 1276 3796 qua

101 3825 129 3861 se
146 3807 239 3876 ipsum
261 3809 347 3876 pocta
371 3809 506 3864 describit
529 3828 544 3864 e
563 3812 692 3866 convivio
716 3813 753 3865 ad
775 3813 901 3881 puellam
924 3815 1091 3870 venientem.
1128 3817 1204 3895 Audi
1222 3818 1275 3871 hos

101 3895 274 3964 potissimum
293 3912 388 3950 versus
407 3896 549 3967 Properti:

308 3984 396 4038 Ebria
415 4003 478 4040 cum
497 3987 586 4041 multo
605 3968 746 4043 traherem
765 3990 888 4059 vestigia
906 3991 1027 4060 Baccho,

380 4074 418 4128 Et
436 4079 586 4142 quaterent
604 4093 667 4131 sera
684 4081 768 4133 nocte
786 4078 878 4133 facem
896 4081 985 4148 pueri.

185 4184 211 4249 3)
231 4180 265 4233 cf.
282 4179 395 4234 Crusins
414 4182 518 4237 Uetera.
534 4201 561 4253 p.
576 4189 620 4251 50,
639 4183 740 4238 Philol.
757 4185 853 4255 Suppl.
869 4185 916 4256 VI,
934 4206 962 4257 p.
978 4194 1038 4243 284.

184 4272 211 4338 4)
230 4269 332 4337 Adice,
364 4270 440 4337 quod
472 4270 577 4325 similia
604 4273 684 4326 mimi
712 4277 880 4343 argumenta
903 4275 1033 4331 saltando
1061 4276 1270 4346 exprimebant3

101 4358 131 4410 cf.
149 4357 219 4412 haec
237 4358 381 4414 schemata
400 4374 417 4411 a
435 4359 562 4428 Polluce,
590 4362 750 4431 Athenaeo,
778 4363 920 4433 Hesychio
943 4369 1110 4420 memorata:
1139 4365 1272 4435 κλωπεία,

101 4454 183 4513 κρεῶν
193 4449 227 4515 (λ)
246 4446 386 4515 ἀποκοπή,
405 4447 494 4516 κλοπὴ
513 4457 569 4502 τῶν
589 4448 681 4505 ἑώλων
699 4460 797 4519 κρεῶν.
