2996 5088
238 319 629 387 Mim.1‚u‚ra,rasq.,rr.
717 360 759 367 ...
807 323 848 386 13
896 360 937 367 ..

239 500 336 564 modo
368 500 464 564 minis
493 503 524 563 et
551 499 737 564 verberibus
769 498 963 583 cumulatum
996 521 1069 564 cum
1097 497 1245 562 Herodae
1276 500 1353 563 loco
1382 499 1430 564 cf.

238 605 343 670 Plaut.
362 605 490 670 Trucul.
510 604 589 669 352:

421 710 509 776 Num
532 711 668 775 tibinam
692 711 807 774 amabo
831 711 958 775 ianuast
981 711 1114 775 mordax
1137 733 1218 793 mea,

422 816 493 893 Quo
517 819 602 881 intro
626 818 672 881 ire
695 821 827 881 metuas.
835 815 860 903 ¹)

275 958 281 971 ¹
328 941 474 1024 Denique
489 940 645 1005 Metricha
659 945 746 1005 vetat
760 940 849 1004 illam
868 942 1004 1025 posthac
1023 942 1160 1005 similem
1180 940 1213 1003 in
1233 960 1425 1004 sermonem

239 1047 346 1111 delabi
363 1070 392 1111 v.
413 1046 468 1110 73:

444 1156 486 1217 σὺ
510 1151 540 1216 d'
564 1147 657 1228 αὖτις
680 1150 713 1228 ἒς
736 1176 776 1236 με
798 1154 881 1236 μηδὲ
904 1152 973 1235 ἕνα,
997 1154 1088 1236 φίλη,
1111 1164 1205 1216 τοῖον
1475 1182 1478 1271 p

444 1258 592 1344 φέρουσα
616 1260 715 1343 χώρει
738 1264 860 1341 μῦθον.
1477 1284 1478 1353 p

239 1364 404 1448 Euripidis
422 1364 597 1448 Hippolyti
618 1367 726 1430 locum
750 1366 814 1428 iam
834 1387 930 1447 supra
949 1365 1014 1447 p.9
1034 1365 1209 1448 attigimus.
1245 1362 1422 1448 Responso

239 1493 297 1534 suo
316 1475 383 1534 tam
406 1472 495 1534 brevi
515 1493 611 1553 quam
630 1472 721 1556 gravi
739 1470 897 1535 Metricha
915 1475 1069 1553 tanquam
1092 1474 1205 1534 votum
1223 1492 1421 1553 nuncupans

239 1577 328 1641 addit
350 1600 379 1640 v.
400 1577 456 1639 77:
885 1650 889 1656 1

520 1683 560 1747 οὐ
585 1684 647 1767 γὰρ
672 1681 790 1768 ἐνγελᾷ
812 1707 861 1758 τις
884 1684 931 1758 εἰς
954 1683 1123 1766 Μάνδριν.

329 1804 450 1870 Similis
465 1810 514 1870 est
532 1806 684 1870 irridendi
705 1806 795 1869 verbi
815 1828 892 1870 usus
911 1807 997 1890 apud
1015 1807 1156 1871 comicos
1173 1828 1334 1889 romanos,
1358 1806 1417 1869 ubi

240 1913 348 1996 agitur
371 1912 409 1975 de
433 1913 574 1995 deceptis
598 1912 632 1975 in
655 1934 771 1976 amore.
818 1913 856 1977 cf.
870 1911 975 1976 Plaut.
990 1912 1105 1977 Bacch.
1121 1911 1200 1976 515:
1476 1938 1478 2049 4

451 2016 638 2101 Numquam
662 2019 776 2101 edepol
798 2019 872 2083 viva
895 2041 946 2082 me
969 2018 1164 2082 inridebit.

238 2123 354 2189 Bacch.
374 2123 452 2188 864:

398 2228 486 2297 Faxo
512 2253 545 2294 se
567 2230 655 2293 haud
678 2230 764 2294 dicat
787 2234 924 2312 nactam,
948 2252 1044 2313 quem
1067 2229 1247 2294 derideat.

329 2352 420 2416 Adeo
435 2358 542 2417 autem
557 2354 775 2435 infrequentes
790 2358 865 2417 sunt
879 2354 965 2436 apud
974 2349 1136 2416 Herodam
1152 2354 1232 2417 etin
1250 2354 1416 2418 comoedia

238 2464 305 2522 tam
324 2459 406 2522 bene
424 2462 567 2522 moratae
590 2460 749 2541 mulieres,
772 2463 809 2523 ut
828 2460 863 2522 in
884 2463 976 2523 tanta
999 2459 1236 2541 deperditarum
1260 2481 1297 2524 ac
1315 2461 1413 2523 disso-

238 2566 380 2628 lutarum
395 2565 487 2647 copia
501 2565 588 2628 haud
602 2565 806 2630 mediocriter
819 2566 976 2648 placeant.
1009 2563 1108 2628 Velut
1127 2565 1162 2628 in
1174 2564 1283 2629 Plauti
1302 2564 1412 2629 Sticho

239 2692 363 2733 sorores
383 2670 463 2734 duae
481 2671 620 2735 reditum
639 2671 781 2735 virorum
801 2692 874 2736 cum
894 2671 1051 2735 desiderio
1071 2675 1293 2753 exspectantes
1314 2694 1412 2735 novas

237 2777 368 2859 nuptias
392 2781 632 2858 perseveranter
654 2781 811 2841 recusant.
856 2777 1061 2841 Philaenium
1094 2778 1206 2841 matris
1239 2800 1314 2842 suae
1340 2800 1410 2841 ava-

238 2882 383 2945 rissimae
406 2903 465 2945 nec
488 2883 583 2946 minis
606 2904 666 2947 nec
693 2883 857 2947 iracundia
881 2884 1032 2947 deterreri
1055 2887 1171 2966 potest,
1199 2886 1278 2966 quin
1300 2885 1354 2947 uni
1377 2906 1410 2947 se

238 2987 423 3072 Argyrippo
442 2988 545 3051 dedat.
578 2989 616 3052 cf.
631 2987 735 3056 Plaut.
749 2987 874 3053 Asinar.
894 2988 973 3053 542:

283 3092 359 3157 Sine
383 3116 434 3158 me
457 3115 564 3157 amare
586 3117 687 3158 unum
714 3093 936 3181 Argyrippum
960 3096 1060 3159 animi
1083 3117 1187 3179 causa,
1211 3117 1307 3177 quem
1329 3097 1408 3159 volo,

240 3215 375 3302 Scapha,
397 3219 506 3281 vetula
519 3216 706 3282 Philematii
725 3220 851 3301 ancilla,
875 3241 957 3301 quae
976 3241 1057 3301 erae,
1075 3224 1112 3283 ut
1126 3220 1275 3301 vidimus,
1294 3219 1407 3301 suadet,

237 3344 279 3386 ne
294 3324 389 3385 unius
403 3344 512 3386 amore
527 3345 561 3386 se
580 3322 752 3406 contineat,
770 3325 868 3388 verba
886 3346 953 3387 non
966 3326 1073 3388 minus
1087 3325 1201 3388 acerba
1215 3324 1304 3388 audit
1318 3346 1406 3407 quam

241 3426 351 3511 Gyllis.
398 3429 436 3493 cf.
451 3427 555 3493 Plaut.
569 3428 708 3494 Mostell.
724 3430 803 3493 239:

307 3534 342 3598 Si
365 3535 443 3617 quid
466 3540 502 3599 tu
525 3537 560 3599 in
583 3535 675 3600 illum
700 3536 781 3600 bene
804 3538 893 3600 voles
916 3536 1016 3619 loqui,
1039 3536 1072 3600 id
1094 3537 1186 3619 loqui
1208 3537 1332 3601 licebit:

305 3639 374 3705 Nec
396 3646 482 3705 recte
506 3643 533 3705 si
556 3642 606 3705 illi
628 3642 747 3706 dixeris
770 3643 834 3706 iam
858 3647 983 3706 ecastor
1004 3626 1181 3724 vapulabis.

328 3765 478 3849 Mitigata
501 3765 549 3828 ira
571 3764 729 3829 Metricha
752 3765 908 3829 concham
931 3766 999 3828 vini
1026 3766 1155 3849 plenam
1178 3766 1302 3851 porrigi
1324 3765 1403 3828 iubet

239 3872 357 3936 nutrici
381 3891 465 3952 suae,
489 3872 579 3935 cuius
603 3871 867 3936 consuetudinem
892 3873 1013 3954 optime
1035 3872 1134 3935 novit.
1471 3864 1472 3939 l

327 3977 589 4041 Muliercularum
622 3978 832 4041 vinolentiam
866 3978 938 4041 inde
973 4000 992 4040 a
1020 3974 1258 4062 Pherecrare2),
1290 3978 1399 4060 priscae
1470 3964 1472 4041 2¹

329 4173 355 4238 1)
374 4169 408 4222 cf.
424 4168 489 4222 Her.
504 4169 580 4222 mim.
596 4168 643 4236 VI,
659 4174 705 4223 64:
724 4170 790 4232 τοὺς
808 4169 862 4238 γὰρ
880 4169 1000 4231 τελώνας
1017 4177 1095 4221 πᾶσα
1123 4177 1176 4222 νῦν
1194 4169 1272 4237 θύρη
1292 4164 1397 4236 φρίσσει.

239 4257 398 4313 batanea.
743 4292 748 4304 .

331 4350 357 4415 2)
377 4347 411 4400 cf.
427 4346 527 4417 fragm.
543 4352 577 4400 69
593 4349 621 4400 et
636 4352 684 4414 70,
707 4340 757 4400 ubi
780 4346 882 4399 mulier
903 4346 1023 4400 nimium
1046 4362 1107 4400 esse
1125 4361 1216 4412 aquae
1234 4346 1265 4398 in
1282 4344 1398 4413 poculum

238 4436 363 4489 infusum
382 4437 516 4503 queritur.
1469 4446 1470 4449 ’
