2996 5088
85 335 236 390 Mimvll.
325 368 328 372 -
572 375 614 383 ..
660 335 703 399 43
749 372 793 380 ..

86 515 147 599 qui
160 519 272 580 nostra
285 520 389 581 aetate
399 536 558 579 summam
568 514 646 577 artis
655 512 824 576 veritatem
838 512 1013 595 postulant,
1026 510 1266 576 concedendum

85 622 131 686 sit
154 644 173 686 a
196 621 288 686 nullo
310 643 406 706 posse
428 626 569 686 veterem
592 623 723 702 poetam
746 640 784 681 ea
805 640 840 681 rc
863 617 1015 700 superari.

176 725 286 811 Atque
313 732 351 792 ut
378 749 480 811 pauca
508 726 546 790 de
574 725 676 809 ipsius
705 722 859 788 Cerdonis
887 744 1024 806 persona
1050 722 1265 807 praemittam,

85 832 188 897 homo
211 836 261 898 est
283 832 392 899 calvus
417 830 613 919 (cf.V1,59;
636 828 709 914 VH,
725 828 792 916 71),
816 828 926 913 quales
949 830 1014 893 iam
1036 826 1265 912 Aristophanis

86 941 237 1022 aequales
258 941 344 1005 risus
372 938 523 1022 captandi
547 937 651 1023 gratia
679 936 830 1001 inducere
854 935 1001 1000 solebant
1025 932 1079 1021 (cf.
1097 933 1264 1019 Aristoph.

85 1043 269 1133 nauseo).
315 1044 453 1110 Cerdoni
476 1048 585 1108 autem
608 1065 727 1107 nomen
755 1043 857 1106 sutori
884 1047 981 1125 poeta
1003 1041 1172 1125 imposuit,
1200 1063 1265 1124 quo

87 1174 162 1216 eum
184 1151 267 1217 lucri
286 1151 484 1236 significaret
507 1153 705 1234 captatorem
725 1146 779 1235 (cf.
794 1171 823 1212 v.
839 1149 857 1211 λ
861 1145 906 1233 4).
925 1146 938 1234 )
971 1146 1057 1212 Nam
1076 1148 1115 1212 ab
1138 1146 1266 1212 Herode

87 1279 333 1341 nonnumquam
357 1257 441 1322 sicut
460 1278 479 1319 a
497 1256 629 1322 comicis
652 1255 736 1319 hanc
760 1254 923 1319 observari
941 1253 1056 1339 legem,
1078 1258 1116 1318 ut
1133 1253 1265 1317 nomina

87 1385 297 1447 personarum
338 1363 499 1428 illuminet
540 1362 664 1426 ratione
706 1361 923 1446 etymologica
969 1357 1022 1446 (cf.
1049 1359 1166 1424 Donat.
1195 1359 1265 1424 Ter.

86 1467 226 1553 Adelph.
240 1467 313 1556 26),
345 1468 432 1532 haud
463 1469 574 1552 paucis
603 1468 812 1533 confirmatur
845 1466 1008 1550 exemplis.
1016 1464 1041 1553 2)
1098 1466 1137 1531 cf.
1160 1466 1265 1531 Plaut.

88 1575 174 1640 Pers.
194 1576 272 1660 624,
304 1574 362 1639 ubi
394 1596 467 1640 cum
499 1574 632 1658 parasiti
669 1574 738 1637 filia
768 1573 900 1637 Lucridi
941 1572 1004 1637 sibi
1041 1593 1160 1636 nomen
1197 1594 1265 1637 csse

87 1680 214 1765 dixerit,
237 1683 311 1746 leno
334 1681 453 1765 pergit:

178 1786 214 1852 Si
236 1791 269 1851 te
292 1809 406 1870 emam,
429 1786 510 1850 mihi
535 1808 664 1870 quoque
686 1785 858 1850 Lucridem
881 1785 1009 1851 confido
1032 1785 1102 1849 fore
1125 1788 1166 1848 te.

178 1894 329 1970 Σκυτεύς
360 1893 505 1957 fabulam
532 1891 680 1957 Eubulus
709 1913 838 1975 quoque
866 1892 1007 1975 scripsit,
1039 1895 1137 1974 atque
1164 1913 1265 1955 unum

27 2080 31 2087 .
86 1999 175 2082 quod
206 1998 303 2062 huius
335 1998 463 2063 fabulae
500 2002 605 2062 exstat
636 1998 830 2067 vocabulum
866 2008 1011 2081 κοχῶναι
1043 1996 1080 2060 fr.
1096 1995 1199 2081 9711,
1230 1997 1266 2060 in

85 2103 236 2168 Herodae
268 2125 397 2187 quoque
425 2104 566 2167 carmine
594 2103 733 2168 occurrit
759 2126 789 2167 v.
807 2103 865 2188 483
898 2104 937 2167 de
969 2125 1033 2187 qua
1064 2101 1179 2166 Hensii
1211 2103 1266 2167 ob-

87 2211 268 2274 servatione
295 2210 360 2273 iam
388 2230 485 2292 supra
512 2231 543 2292 p.
563 2209 605 2272 22
633 2210 827 2273 monuimus.
883 2207 946 2272 Sed
973 2230 1202 2291 saepenumero
1230 2209 1266 2272 in

85 2316 276 2400 fragmentis
308 2315 431 2379 mediae
467 2315 651 2380 comoediae
682 2316 804 2378 mentio
836 2314 967 2378 inicitur
999 2314 1265 2398 tabernariorum,

86 2422 286 2505 institorum,
310 2442 506 2504 cauponum,
533 2422 670 2485 aliorum
692 2419 790 2484 huius
813 2421 939 2505 generis
961 2420 1144 2504 hominum,
1167 2424 1264 2504 atque

86 2527 133 2591 ita
156 2527 295 2610 quidem,
317 2531 355 2591 ut
377 2528 567 2610 plerumque
590 2549 657 2591 non
674 2527 738 2610 ipsi
756 2527 958 2609 inducantur,
976 2526 1032 2590 sed
1049 2548 1107 2609 per
1124 2528 1205 2591 alios
1225 2526 1264 2590 de

86 2633 127 2696 iis
145 2637 305 2716 narretur,
329 2633 384 2697 sed
404 2637 462 2716 est,
479 2633 537 2696 ubi
558 2634 647 2716 ipsos
665 2634 837 2716 loquentes
856 2653 1020 2717 agnoscas,
1042 2637 1080 2697 nt
1093 2632 1128 2697 in
1141 2632 1264 2697 Eubuli

85 2739 268 2823 fragmento
292 2738 344 2822 99,
362 2738 394 2803 H
408 2761 438 2822 p.
459 2738 523 2803 198
542 2738 595 2802 K:

221 2845 408 2929 στεφάνους
432 2850 509 2920 ἴσως
532 2846 706 2927 βούλεσθε.
743 2843 855 2929 πότερ’
882 2843 1104 2929 ἑρπυλλίνους

223 2949 244 3033 ἣ
266 2953 449 3035 μυρτίνους
472 2950 492 3033 ἢ
515 2961 582 3016 τῶν
606 2950 854 3036 διηνθημένων,

174 3061 212 3121 Β.
235 3068 303 3121 τῶν
325 3058 495 3142 μυρτίνων
518 3059 713 3140 βουλόμεθα
734 3059 885 3121 τουτωνί.
931 3059 974 3121 σὺ
998 3058 1035 3123 δὲ

224 3164 265 3227 τό
287 3161 318 3245 γ’
345 3164 429 3227 ἄλλα
451 3164 553 3227 πώλει
575 3163 683 3227 πάντα
704 3164 793 3246 πλὴν
814 3173 881 3228 τῶν
904 3165 1082 3249 μυρτίνων.

176 3265 274 3351 Apud
295 3267 519 3334 Nicostratum
541 3269 580 3334 fr.
599 3267 703 3351 33,ss
721 3292 751 3352 Ρ.
766 3269 831 3333 228
847 3268 900 3334 K:

144 3444 149 3447 Δ
223 3373 366 3457 ἁλύσεις,
389 3381 586 3459 καθετῆρας,
610 3376 819 3458 δακτυλίους,
842 3373 1010 3458 βουβόλί,
1034 3377 1138 3458 ὄφεις,

221 3481 460 3565 περισκελίδας,
485 3478 663 3562 ἑλλέβορον
685 3480 903 3545 tabernarium
921 3480 1003 3545 mihi
1021 3481 1131 3545 audire
1151 3481 1263 3545 videor

84 3589 123 3651 ut
138 3583 315 3650 Cerdonem
334 3607 455 3650 meroes
474 3578 689 3671 enarrantem3
713 3587 874 3651 sedulius
898 3607 1027 3671 quoque
1053 3587 1162 3652 nescio
1190 3588 1262 3670 quis

85 3690 255 3756 muliebria
275 3696 462 3756 ornamenta
476 3714 653 3757 memorare
671 3697 807 3776 poterat.
840 3696 1021 3778 λυροποιός
1040 3695 1174 3758 certain
1189 3714 1263 3779 cog-

84 3797 211 3862 nomini
234 3795 390 3862 Anaxilae
413 3798 523 3862 fabula
544 3797 625 3863 haec
648 3799 739 3863 dicit:

291 3901 355 3986 ἐγὼ
380 3904 417 3969 δὲ
439 3905 629 3989 βαρβίτους,
652 3906 860 3990 τριχόρδους,
883 3905 1053 3988 πηκτίδας,

289 4010 443 4094 κιθάρας,
467 4010 579 4094 λύρας,
603 4011 789 4088 σκινδαψὸν
812 4008 1025 4095 ἐξηρτυόμαν.

175 4169 202 4235 1)
220 4165 294 4219 Vide
303 4165 503 4221 Friedlaender
517 4166 553 4220 ad
567 4167 689 4221 Iuvenal.
704 4171 729 4234 4,
746 4172 796 4220 153
812 4183 876 4220 cum
885 4166 1050 4221 Buecheleri
1068 4167 1261 4222 adnotatione.

175 4257 202 4323 2)
221 4254 256 4308 cf.
284 4253 463 4323 proverbium
490 4255 668 4309 notissimum
696 4255 973 4325 (Diogenian.Vind.
989 4261 1063 4324 a‚4,
1081 4256 1108 4309 11
1125 4275 1152 4325 p.
1168 4255 1261 4326 36L.)=

82 4340 202 4412 Κέρδων
225 4352 315 4411 γαμεῖ.
352 4342 430 4412 παρὰ
452 4343 484 4397 τδ
509 4341 598 4412 ὄνομα
621 4343 730 4414 εἴρηται
753 4344 800 4398 ἐπὶ
821 4353 877 4399 τῶν
900 4344 949 4399 διδι
968 4343 1069 4412 κέρδος
1086 4343 1262 4415 αἱρουμένων

81 4431 134 4485 τδν
152 4431 252 4501 νόμον.
288 4431 402 4487 Grusius
421 4431 644 4501 Uatars.p.'120.
