2996 5088
77 312 459 381 .Mim.V1‚13‚16‚41,54.
572 324 617 361 ·..
661 314 703 377 41
750 351 794 360 ,,
849 340 855 351 .
920 393 921 396 Ἴ

182 492 283 556 v.13:
306 492 396 576 κήγὼ
420 489 647 575 ἐκιβρύχουσκ
666 541 717 554 ...
736 491 829 556 κύων
851 489 1031 577 ὑλακτέωῙ)

87 616 132 681 cf.
148 615 253 680 Plaut.
267 615 334 680 mil.
350 617 393 700 gl.
409 614 483 697 681,
506 615 563 679 ubi
578 615 702 680 caelebs
716 614 998 697 Peripleccmenus
1013 617 1092 680 haec
1110 616 1270 699 loquitur:

208 720 264 786 Set
285 720 362 785 nolo
386 722 431 785 mi
455 720 750 786 oblatratricem
773 721 808 784 in
831 720 917 785 aedis
941 721 1164 785 intromittere.

180 869 209 910 v.
228 837 284 909 16:
374 845 563 928 νώβυστρκ,
587 839 653 909 ὦτα
675 853 803 926 μοῦνον
826 845 881 909 καὶ
903 849 1055 928 pitseus,

304 948 399 1015 τὰδ’
426 947 497 1015 ἄλλ’
526 948 631 1034 ἑορτή.
1262 1022 1267 1030 ,

88 1075 131 1139 cf.
146 1074 259 1158 Eurip.
274 1074 364 1139 Alex.
379 1075 417 1137 fr.
433 1073 489 1137 50:
522 1073 608 1138 οὕτω
637 1075 700 1159 γὰρ
724 1075 827 1138 κκκὸν
851 1076 983 1139 δούλων
1016 1073 1112 1157 γένος
1143 1076 1269 1159 μαστὴρ

87 1182 220 1245 ἅπαντα
234 1179 291 1245 κτὲ
313 1181 352 1245 cf.
367 1180 451 1244 Plut.
466 1179 547 1243 Mor.
562 1180 645 1244 seb:
669 1182 793 1265 γαστὴρ
818 1180 899 1245 ὅλον
921 1181 958 1245 τὸ
982 1191 1093 1264 σῶμα,
1116 1188 1269 1266 πανταχῇ

86 1286 224 1369 βλέπων
248 1287 443 1370 ὀφθαλμός.
460 1336 487 1349 ..
1262 1374 1265 1379 Δ

181 1393 271 1457 Talia
290 1393 416 1475 saepius
434 1392 521 1456 haud
540 1391 635 1456 dubie
651 1392 766 1457 comici
781 1393 983 1476 effinxerunt,
1007 1393 1063 1457 sed
1075 1415 1142 1456 non
1154 1391 1270 1479 habeo,

88 1520 174 1581 quae
197 1498 345 1563 Hercdae
367 1500 440 1563 loco
464 1499 644 1563 accuratius
662 1499 886 1582 respondeant.
924 1496 1004 1563 Cum
1024 1500 1181 1564 sententia
1196 1521 1270 1564 con-

86 1605 168 1668 ferri
183 1608 290 1688 potest
305 1604 431 1668 Terent.
447 1602 622 1691 (Menand.)
642 1601 742 1668 Andr.
762 1604 842 1668 336:

156 1727 199 1792 At
221 1732 258 1792 tu
281 1725 406 1814 (servus
429 1726 624 1814 appellatur)
647 1729 755 1792 hercle
777 1728 865 1791 haud
889 1728 1064 1811 quiequam
1088 1728 1180 1812 mihi,

158 1833 231 1898 Nisi
255 1856 292 1898 ea
315 1856 397 1917 quae
420 1835 468 1898 nil
492 1856 573 1917 opus
597 1837 672 1898 sunt
696 1834 779 1899 sciri.
825 1835 919 1919 fugin
941 1834 1039 1899 hinc?

180 1980 209 2020 v.
224 1958 281 2021 41:
372 1960 432 2040 τήν
455 1980 516 2038 μευ
540 1962 696 2040 γλῶσσαν
720 1957 867 2040 ἐκτεμεῖν
892 1960 1006 2022 δεῖται.

89 2080 130 2145 cf.
145 2079 249 2145 Plaut.
263 2079 425 2164 Amphitr.
441 2080 520 2145 556:

416 2188 480 2250 iam
504 2187 634 2269 quidem
657 2186 764 2252 hercle
788 2209 848 2272 ego
872 2186 934 2251 tibi
957 2187 1055 2251 istam

252 2294 428 2376 scelestam,
452 2295 564 2375 scelus,
586 2293 732 2377 linguam
752 2293 923 2357 abscidam.

89 2417 157 2479 mil.
172 2417 252 2500 glor.
267 2417 345 2481 318:
372 2415 449 2481 Non
476 2421 513 2481 tu
540 2417 603 2481 tibi
630 2418 727 2481 istam
754 2417 976 2500 praetruncari
1004 2418 1151 2502 linguam
1173 2415 1272 2502 largi-

90 2521 223 2604 loquam
246 2522 345 2607 iubes,
369 2523 408 2587 cf.
427 2522 536 2587 Aulul.
558 2522 631 2587 189.

180 2668 209 2709 v.
223 2646 281 2709 42:
305 2643 412 2710 ἐκεῖνο
437 2645 466 2710 d’
495 2640 536 2710 οὗ
560 2661 613 2710 σοι
637 2644 692 2710 καὶ
716 2644 845 2728 μάλιστ’
873 2644 1087 2729 ἐπεμνήσθην

93 2767 148 2855 (ef.
167 2768 207 2853 V,
222 2767 289 2855 53.)

92 2874 259 2959 Aristoph.
278 2898 327 2939 av.
349 2875 448 2939 1632:

252 3000 305 3064 καὶ
330 3001 370 3082 νὴ
393 3002 443 3063 Δί
464 2999 578 3083 ἕτερόν
601 2998 637 3082 γ’
660 2997 752 3063 ἐστὶν
775 2994 816 3064 οὗ
848 2999 1012 3083 ’μνήσθην
1035 2997 1113 3084 ἐντὸς

93 3146 208 3208 nempe
231 3123 445 3188 cottidianum
468 3127 604 3206 uterque
627 3145 807 3186 sermenem
831 3127 881 3187 est
903 3123 1058 3187 imitatus.

182 3270 211 3311 v.
226 3246 282 3311 54:
306 3242 348 3330 ἦν
371 3247 432 3328 μέν
455 3246 538 3331 κοτ’,
562 3242 605 3330 ἦν
627 3270 687 3330 τις,
711 3246 882 3312 nitidata
905 3250 1074 3330 μεμήρακε.

95 3370 187 3435 Tales
211 3371 388 3434 sententiae
406 3371 628 3435 meretricibus
651 3371 792 3434 maxime
811 3371 1016 3454 conveniunt,
1040 3392 1118 3453 quas
1138 3372 1273 3435 eumad

96 3481 263 3559 quaestum
294 3475 475 3540 faciendum
509 3477 676 3540 iuventute
708 3475 749 3539 iis
783 3498 863 3559 opus
896 3477 938 3539 sit
967 3480 1000 3540 et
1030 3476 1147 3560 forma,
1178 3478 1271 3541 valde

97 3583 267 3647 senectutis
290 3583 404 3646 taedet.
442 3581 528 3647 Hinc
555 3582 617 3646 ista
639 3583 811 3646 verborum
829 3604 887 3665 per
909 3582 1105 3665 anaphoram
1128 3584 1272 3667 gravitas

97 3684 137 3771 ἦν
151 3688 211 3769 μέν
224 3687 309 3771 κοτ’,
332 3685 374 3772 ἦν
388 3712 438 3765 τις
451 3688 648 3772 explicanda.
656 3687 681 3774 2)
720 3686 877 3752 Similiter
890 3686 1068 3753 Bacchides
1087 3689 1272 3754 meretrices

185 3882 212 3949 1)
231 3879 319 3933 Varro
335 3878 371 3932 de
384 3878 402 3931 1.
417 3879 435 3932 1.
451 3878 511 3947 VH,
526 3885 577 3932 103
592 3880 629 3932 M.
654 3880 752 3950 attigit
774 3880 850 3933 hunc
867 3878 963 3933 Plauti
984 3879 1089 3932 locum:
1114 3879 1222 3948 ‘pipulo
1241 3881 1272 3934 te

97 3967 142 4022 hic
165 3967 294 4022 differam
317 3970 384 4021 ante
408 3968 486 4022 aedis
510 3970 555 4036 (=
570 3967 664 4020 Aulul.
679 3972 742 4038 446)
765 3968 796 4021 id
824 3970 867 4023 est
890 3968 1029 4036 convicio,
1057 3967 1230 4021 declinatum
1253 3983 1271 4020 a

8 4090 9 4097 .
98 4056 196 4125 pipatu
219 4056 368 4125 pullorum.
419 4056 512 4110 Multa
543 4056 579 4110 ab
608 4057 774 4110 animalium
801 4056 918 4111 vecibus
945 4057 1050 4111 tradate
1077 4056 1107 4109 in
1133 4055 1271 4124 homines,

97 4146 200 4214 partim
214 4161 286 4211 quae
301 4146 367 4197 sunt
380 4147 487 4212 aperta,
506 4145 611 4213 partim
625 4145 763 4199 obscura!
792 4144 922 4214 Exempli
936 4146 1029 4216 gratia
1043 4145 1124 4199 addit
1142 4145 1269 4199 ‘latrare'

98 4232 141 4301 (cf.
156 4233 232 4286 κύων
250 4230 392 4302 diruetur),
412 4233 447 4286 cf.
462 4233 526 4287 Her.
542 4233 601 4302 VII,
617 4240 677 4287 123.

184 4324 211 4390 2)
230 4321 265 4375 cf.
279 4321 314 4375 fr.
329 4321 424 4390 adesp.
440 4326 501 4388 276,
514 4322 554 4374 111
566 4340 594 4390 p.
609 4323 714 4377 458K.:
734 4322 809 4392 ἥμην
827 4320 904 4391 κοτ’,
923 4323 996 4393 ἤμην
1013 4331 1070 4377 τῶν
1088 4322 1272 4391 oppedam>

101 4408 129 4464 ἐν
147 4407 247 4479 λόγοις,
267 4410 303 4464 ad
322 4429 364 4474 τις
382 4409 513 4464 Menand.
528 4410 562 4463 fr.
579 4417 642 4465 156:
661 4411 692 4465 τὸ
713 4413 809 4466 δοκεῖν
828 4408 883 4467 τιν’
904 4407 984 4466 εἶναι.
