2996 5088
227 338 547 406 Mim.V1,2‚4‚1o‚12.
708 377 752 386 -
799 340 843 404 40
887 377 932 386 -

228 519 277 582 in.
290 515 387 583 rebus
416 517 618 600 operantium
646 516 816 582 mulierum
848 521 992 582 versetur
1023 519 1257 601 sermunculus,
1288 542 1411 604 nempe

230 625 287 707 qui
310 628 359 688 est
382 645 452 688 mos
476 624 662 706 mulierum,
684 624 820 687 eliorum
842 645 893 687 res
917 623 1187 708 perstringuntur.
1231 624 1410 690 Muliebres

230 731 315 794 enim
338 730 374 793 hi
396 729 576 793 mimiambi
598 729 707 794 nescio
731 751 773 792 en
796 729 956 811 quandem
979 749 1057 811 pree
1080 751 1114 793 se
1137 729 1270 795 lulerint
1294 731 1409 796 simili-

229 836 375 900 tudinem
417 835 619 920 dialogorum
656 836 860 900 merelricum
901 833 1082 921 Luciani1),
1124 836 1180 918 qui
1221 837 1410 901 comoediae

229 942 377 1025 exempla
399 944 473 1004 ente
498 943 607 1005 oculos
630 941 787 1005 habueris.
1305 1017 1311 1020 Ἴ,

320 1045 382 1111 Sed
404 1047 536 1130 subicio,
555 1069 636 1129 qnae
651 1067 724 1110 oum
738 1047 826 1110 mim.
841 1045 888 1109 Vl
902 1047 983 1110 mihi
1003 1047 1224 1129 componendo
1246 1047 1408 1112 videnlur.

231 1152 352 1221 Scaena
363 1153 491 1236 quidem
500 1154 609 1217 eudem
618 1156 667 1216 esl
676 1175 713 1218 eo
720 1151 955 1217 TheocritXV.
963 1150 988 1240 2)
1007 1151 1077 1216 Iam
1086 1154 1251 1218 videamus
1259 1154 1408 1239 singulos

229 1276 353 1324 versus:

318 1388 348 1428 v.
362 1366 396 1430 2:
757 1364 864 1428 πάντα
888 1366 940 1428 δεῖ
961 1387 1001 1444 με
1023 1365 1245 1448 προστάσσειν

381 1470 496 1554 αὐτήν,
521 1473 563 1535 σὺ
588 1468 618 1533 δ’
645 1467 718 1533 οὐδ’
745 1470 782 1534 ἓν
805 1470 857 1553 ἄν,
880 1470 1029 1553 τάλαινα,
1052 1473 1205 1555 ποιήσαις

382 1576 464 1659 αὐτὴ
489 1575 552 1640 ἀπὸ
576 1584 707 1658 σαυτῆς.
798 1575 881 1640 ἀλλὰ
903 1574 1033 1661 τᾶλφιτ’
1059 1575 1102 1660 ἣν
1124 1576 1257 1661 μετρέω,

379 1683 418 1746 τὰ
441 1680 550 1766 κρῖμν’
578 1681 741 1766 ἀμιθρεῖς.

229 1806 269 1871 cf.
283 1805 387 1870 Plaut.
402 1803 578 1891 (Menand.)
595 1803 694 1870 Stich.
709 1804 751 1869 58

274 1930 337 2006 Qui
360 1933 469 1993 manet
490 1933 528 1993 ut
551 1933 720 1993 monentur
743 1951 868 2012 semper
891 1951 998 1994 servos
1021 1930 1120 1994 homo
1144 1930 1287 1994 officium
1311 1952 1403 1993 suom

155 2102 158 2106 ,
273 2034 343 2100 Nec
357 2036 523 2099 voluntale
537 2035 571 2098 id
584 2035 689 2100 facere
704 2035 860 2118 meminit,
879 2056 987 2099 servos
1001 2036 1029 2098 is
1042 2034 1157 2098 habitu
1175 2035 1240 2098 hen
1258 2036 1403 2118 probusl.

273 2141 341 2206 Vos
365 2140 556 2205 meminislis
580 2144 660 2224 quot
683 2142 823 2205 calendis
847 2145 955 2224 petere
978 2141 1165 2205 demensum
1189 2141 1309 2205 cibum:
1397 2179 1401 2183 -
1435 2191 1441 2203 .

274 2247 337 2323 Qui
360 2246 467 2310 minus
490 2246 682 2312 meministis
707 2247 794 2329 quod
817 2268 898 2330 opus
918 2249 960 2311 sil
981 2248 1068 2311 facto
1087 2248 1192 2312 fecere
1210 2248 1244 2311 in
1262 2247 1402 2312 cedibus.

317 2392 346 2434 v.
361 2370 395 2434 4:
579 2380 634 2454 μᾶ,
658 2372 754 2446 λίθος
776 2394 836 2453 τις,
860 2371 900 2434 οὐ
925 2372 1029 2455 δούλη

421 2475 459 2541 ἐν
481 2483 521 2562 τῇ
545 2478 631 2562 οἰκίη
655 2475 736 2540 κεῖσ’
765 2474 818 2562 (of.
833 2475 890 2562 IV,
905 2475 962 2564 47)

229 2600 269 2665 of.
283 2598 450 2682 Arisloph.
464 2599 540 2663 nub.
557 2598 656 2663 1201:

488 2725 522 2787 τί
542 2721 688 2807 κάθησθ’
718 2721 898 2808 ἀβέλτεροι,
920 2762 964 2770 -
989 2721 1122 2810 stood)

317 2871 346 2911 v.
364 2847 418 2911 10:
513 2846 580 2911 θῦέ
601 2870 658 2927 μοι
680 2847 791 2932 ταύτη.

230 2971 412 3035 Pleniorem
429 2970 551 3053 reperis
569 2970 733 3054 loquelam
750 2971 846 3036 istam
865 2970 951 3053 apud
969 2969 1129 3053 Plaulum.
1167 2972 1206 3036 cf.
1220 2969 1310 3037 Asin.
1326 2971 1403 3035 713:

229 3083 326 3160 etque
357 3081 395 3141 nl:
422 3077 482 3141 deo
513 3078 558 3140 mi
589 3076 643 3142 hio
674 3077 823 3141 immoles
855 3077 980 3141 bovem.
1018 3075 1141 3160 Oaptiv.
1161 3077 1225 3141 862
1244 3077 1334 3163 Erg.:
1365 3082 1403 3142 ul

229 3184 396 3249 sacrifices.
430 3181 524 3266 Heg:
548 3182 633 3258 Quoi
656 3183 810 3247 deornm?
842 3182 932 3267 Erga
955 3182 1038 3246 Mihi
1061 3184 1234 3248 hercle...

318 3329 347 3369 v.
365 3305 419 3368 12:
444 3307 526 3388 φίλη
550 3308 717 3389 Κοριττοῖ,
740 3305 841 3370 ταύτό
864 3329 921 3387 μοι
945 3307 1045 3389 ζυγὸν
1067 3308 1199 3391 τρίβεις.

230 3403 871 3513 cfsseom.adesp.fr.524,111p.504K.:

467 3551 530 3636 ἐγώ
553 3578 588 3619 τε
611 3554 666 3618 καί
690 3556 731 3618 σὺ
755 3554 877 3618 ταύτὸν
900 3552 1037 3636 ἕλκομεν
1060 3556 1170 3638 ζυγόν,

230 3698 326 3760 quem
345 3699 473 3741 versum
490 3677 531 3741 cd
545 3678 743 3742 comoediam
766 3679 892 3742 rettulit
910 3677 1090 3742 Meinekius
1109 3677 1191 3741 Phil.
1210 3677 1312 3763 XXV,
1330 3677 1402 3742 537.

321 3907 348 3973 1)
366 3903 397 3957 in
411 3905 513 3971 quibus
527 3904 683 3958 meretricis
697 3921 800 3959 nomen
814 3904 936 3959 occurrit
948 3904 1085 3973 Μυρτάλη
1099 3906 1133 3958 ul
1146 3905 1210 3958 Her.
1225 3904 1246 3972 I,
1261 3909 1304 3973 89,
1317 3905 1351 3972 Π,
1362 3910 1401 3958 65.

321 3995 348 4060 2)
368 3992 402 4045 cf.
418 3992 484 4046 Her.
499 3998 553 4045 v.1
575 3992 705 4061 Κάθησο,
724 3997 849 4062 Μητροῑ·
869 3996 902 4064 τῇ
922 3995 1036 4061 γυναικί
1053 3993 1107 4056 θὲς
1124 3988 1229 4062 δίφρον
1248 3995 1277 4047 et
1290 3992 1401 4047 Theocr.

229 4078 290 4147 XV,
305 4086 334 4134 2:
365 4076 416 4149 ὅρη
435 4076 553 4149 δίφρον,
572 4079 683 4148 Euroo,
707 4082 793 4155 αὐτᾷ,
813 4087 841 4135 3;
865 4077 991 4145 καθίζεο.
1025 4081 1059 4134 cf.
1075 4098 1160 4150 supra
1173 4099 1200 4150 p.
1216 4081 1255 4149 6⁸,
1269 4087 1312 4136 34.
1348 4081 1403 4134 Isiu

230 4167 341 4221 videtur
359 4167 447 4223 fuisse
465 4185 568 4222 senens
585 4169 774 4237 muliebrium,
793 4169 842 4237 qui
861 4170 1001 4235 dicuntur,
1019 4170 1169 4223 mimorum
1187 4169 1348 4239 Sophronis.

321 4258 348 4325 3)
366 4256 459 4310 Aliter
476 4256 607 4326 Apollod.
635 4257 736 4325 Heoyr.
756 4257 789 4310 fr.
810 4262 835 4324 9,
853 4257 893 4310 ΠΙ
911 4275 938 4326 p.
958 4258 1062 4311 284K.:
1095 4259 1129 4312 σύ
1162 4277 1195 4327 με
1226 4257 1403 4312 παντάπασιν

194 4415 198 4423 η
230 4340 333 4412 ἥγησαι
356 4341 454 4412 lineo,
477 4345 571 4399 Pleni.
586 4344 645 4398 mil.
661 4345 699 4414 gl.
715 4350 780 4398 236:
808 4345 908 4412 Neque
934 4346 1022 4400 habet
1048 4346 1112 4414 plus
1136 4346 1295 4415 sapientise
1322 4362 1405 4414 quum

230 4430 305 4500 lapis
324 4432 358 4485 cf.
374 4451 399 4486 v.
417 4438 494 4501 1024,
513 4433 729 4488 Mostell1073.
